activity_id,athlete_id,activity_date,week_number,days_before_race,activity_type,distance_km,duration_min,pace_min_per_km,avg_heart_rate,max_heart_rate,elevation_gain_m,calories,weekly_km,weekly_duration_min,weekly_run_count,weekly_avg_pace,weekly_avg_hr,weekly_elevation_gain_m,longest_run_km,rolling_4w_km,avg_weekly_km_last_4w,active_weeks_last_4w,rolling_4w_duration_min,athlete_profile,training_scenario,sex,age,estimated_max_hr,source,race_10k_finish_time_min,race_10k_finish_time_seconds,race_10k_finish_time_hhmmss,race_10k_pace_min_per_km
ACT000001,A001,2026-01-07,1,89,easy_run,26.82,144.93,5.4,147,170,102.2,1950,48.3,260.35,3.0,5.389128364389234,137.33333333333334,268.9,26.82,48.3,48.3,1.0,260.35,intermediate,progressive_build,M,22,180,synthetic_v1,45.89,2754.0,00:45:54,4.59
ACT000002,A001,2026-01-08,1,88,easy_run,7.93,41.09,5.18,133,147,68.6,644,48.3,260.35,3.0,5.389128364389234,137.33333333333334,268.9,26.82,48.3,48.3,1.0,260.35,intermediate,progressive_build,M,22,180,synthetic_v1,45.89,2754.0,00:45:54,4.59
ACT000003,A001,2026-01-11,1,85,easy_run,13.55,74.33,5.49,132,140,98.1,1065,48.3,260.35,3.0,5.389128364389234,137.33333333333334,268.9,26.82,48.3,48.3,1.0,260.35,intermediate,progressive_build,M,22,180,synthetic_v1,45.89,2754.0,00:45:54,4.59
ACT000004,A001,2026-01-12,2,84,interval_run,20.5,97.94,4.78,163,175,195.6,1653,43.96,224.92000000000002,3.0,5.116210191082803,142.33333333333334,296.29999999999995,20.5,92.25999999999999,46.129999999999995,2.0,485.27000000000004,intermediate,progressive_build,M,22,180,synthetic_v1,45.89,2754.0,00:45:54,4.59
ACT000005,A001,2026-01-14,2,82,easy_run,7.84,42.45,5.41,129,138,15.1,509,43.96,224.92000000000002,3.0,5.116210191082803,142.33333333333334,296.29999999999995,20.5,92.25999999999999,46.129999999999995,2.0,485.27000000000004,intermediate,progressive_build,M,22,180,synthetic_v1,45.89,2754.0,00:45:54,4.59
ACT000006,A001,2026-01-18,2,78,easy_run,15.62,84.53,5.41,135,147,85.6,985,43.96,224.92000000000002,3.0,5.116210191082803,142.33333333333334,296.29999999999995,20.5,92.25999999999999,46.129999999999995,2.0,485.27000000000004,intermediate,progressive_build,M,22,180,synthetic_v1,45.89,2754.0,00:45:54,4.59
ACT000007,A001,2026-01-19,3,77,easy_run,25.03,126.91,5.07,140,154,148.5,1934,40.13,208.1,3.0,5.185512085721405,134.0,242.6,25.03,132.39,44.129999999999995,3.0,693.37,intermediate,progressive_build,M,22,180,synthetic_v1,45.89,2754.0,00:45:54,4.59
ACT000008,A001,2026-01-21,3,75,easy_run,4.55,24.41,5.37,139,149,69.4,296,40.13,208.1,3.0,5.185512085721405,134.0,242.6,25.03,132.39,44.129999999999995,3.0,693.37,intermediate,progressive_build,M,22,180,synthetic_v1,45.89,2754.0,00:45:54,4.59
ACT000009,A001,2026-01-25,3,71,recovery_run,10.55,56.78,5.38,123,146,24.7,664,40.13,208.1,3.0,5.185512085721405,134.0,242.6,25.03,132.39,44.129999999999995,3.0,693.37,intermediate,progressive_build,M,22,180,synthetic_v1,45.89,2754.0,00:45:54,4.59
ACT000010,A001,2026-01-26,4,70,tempo_run,21.48,102.65,4.78,169,180,121.4,1397,61.93,319.24,5.0,5.155189730340708,141.6,252.7,21.48,194.32,48.58,4.0,1012.61,intermediate,progressive_build,M,22,180,synthetic_v1,45.89,2754.0,00:45:54,4.59
ACT000011,A001,2026-01-27,4,69,easy_run,13.66,69.69,5.1,149,171,72.6,940,61.93,319.24,5.0,5.155189730340708,141.6,252.7,21.48,194.32,48.58,4.0,1012.61,intermediate,progressive_build,M,22,180,synthetic_v1,45.89,2754.0,00:45:54,4.59
ACT000012,A001,2026-01-29,4,67,recovery_run,2.11,12.29,5.83,119,131,3.9,134,61.93,319.24,5.0,5.155189730340708,141.6,252.7,21.48,194.32,48.58,4.0,1012.61,intermediate,progressive_build,M,22,180,synthetic_v1,45.89,2754.0,00:45:54,4.59
ACT000013,A001,2026-01-31,4,65,easy_run,3.8,19.98,5.26,135,147,35.1,279,61.93,319.24,5.0,5.155189730340708,141.6,252.7,21.48,194.32,48.58,4.0,1012.61,intermediate,progressive_build,M,22,180,synthetic_v1,45.89,2754.0,00:45:54,4.59
ACT000014,A001,2026-02-01,4,64,long_run,20.88,114.63,5.49,136,154,19.7,1577,61.93,319.24,5.0,5.155189730340708,141.6,252.7,21.48,194.32,48.58,4.0,1012.61,intermediate,progressive_build,M,22,180,synthetic_v1,45.89,2754.0,00:45:54,4.59
ACT000015,A001,2026-02-02,5,63,tempo_run,4.98,23.78,4.78,166,175,15.5,332,45.93,239.53,4.0,5.215416938819943,148.0,361.3,20.46,191.95,47.9875,4.0,991.79,intermediate,progressive_build,M,22,180,synthetic_v1,45.89,2754.0,00:45:54,4.59
ACT000016,A001,2026-02-03,5,62,recovery_run,4.81,26.64,5.53,123,141,4.6,323,45.93,239.53,4.0,5.215416938819943,148.0,361.3,20.46,191.95,47.9875,4.0,991.79,intermediate,progressive_build,M,22,180,synthetic_v1,45.89,2754.0,00:45:54,4.59
ACT000017,A001,2026-02-06,5,59,tempo_run,20.46,103.54,5.06,152,169,153.8,1406,45.93,239.53,4.0,5.215416938819943,148.0,361.3,20.46,191.95,47.9875,4.0,991.79,intermediate,progressive_build,M,22,180,synthetic_v1,45.89,2754.0,00:45:54,4.59
ACT000018,A001,2026-02-08,5,57,hill_run,15.68,85.57,5.46,151,160,187.4,975,45.93,239.53,4.0,5.215416938819943,148.0,361.3,20.46,191.95,47.9875,4.0,991.79,intermediate,progressive_build,M,22,180,synthetic_v1,45.89,2754.0,00:45:54,4.59
ACT000019,A001,2026-02-10,6,55,tempo_run,13.13,62.75,4.78,162,180,2.9,1011,60.519999999999996,323.76,5.0,5.3500280898876404,147.0,429.3,23.77,208.51,52.1275,4.0,1090.6299999999999,intermediate,progressive_build,M,22,180,synthetic_v1,45.89,2754.0,00:45:54,4.59
ACT000020,A001,2026-02-11,6,54,easy_run,2.0,10.03,5.01,140,153,21.3,140,60.519999999999996,323.76,5.0,5.3500280898876404,147.0,429.3,23.77,208.51,52.1275,4.0,1090.6299999999999,intermediate,progressive_build,M,22,180,synthetic_v1,45.89,2754.0,00:45:54,4.59
ACT000021,A001,2026-02-13,6,52,easy_run,14.33,79.73,5.56,150,163,115.4,1108,60.519999999999996,323.76,5.0,5.3500280898876404,147.0,429.3,23.77,208.51,52.1275,4.0,1090.6299999999999,intermediate,progressive_build,M,22,180,synthetic_v1,45.89,2754.0,00:45:54,4.59
ACT000022,A001,2026-02-14,6,51,easy_run,7.29,38.94,5.34,136,147,73.8,468,60.519999999999996,323.76,5.0,5.3500280898876404,147.0,429.3,23.77,208.51,52.1275,4.0,1090.6299999999999,intermediate,progressive_build,M,22,180,synthetic_v1,45.89,2754.0,00:45:54,4.59
ACT000023,A001,2026-02-15,6,50,long_run,23.77,132.31,5.57,147,169,215.9,1803,60.519999999999996,323.76,5.0,5.3500280898876404,147.0,429.3,23.77,208.51,52.1275,4.0,1090.6299999999999,intermediate,progressive_build,M,22,180,synthetic_v1,45.89,2754.0,00:45:54,4.59
ACT000024,A001,2026-02-16,7,49,easy_run,33.76,176.49,5.23,143,165,234.9,2365,61.5,329.0,4.0,5.351573983739837,137.25,386.0,33.76,229.88,57.47,4.0,1211.53,intermediate,progressive_build,M,22,180,synthetic_v1,45.89,2754.0,00:45:54,4.59
ACT000025,A001,2026-02-19,7,46,easy_run,6.4,34.58,5.4,142,156,98.7,541,61.5,329.0,4.0,5.351573983739837,137.25,386.0,33.76,229.88,57.47,4.0,1211.53,intermediate,progressive_build,M,22,180,synthetic_v1,45.89,2754.0,00:45:54,4.59
ACT000026,A001,2026-02-20,7,45,easy_run,2.0,10.66,5.33,148,171,17.4,153,61.5,329.0,4.0,5.351573983739837,137.25,386.0,33.76,229.88,57.47,4.0,1211.53,intermediate,progressive_build,M,22,180,synthetic_v1,45.89,2754.0,00:45:54,4.59
ACT000027,A001,2026-02-22,7,43,recovery_run,19.34,107.27,5.55,116,137,35.0,1393,61.5,329.0,4.0,5.351573983739837,137.25,386.0,33.76,229.88,57.47,4.0,1211.53,intermediate,progressive_build,M,22,180,synthetic_v1,45.89,2754.0,00:45:54,4.59
ACT000028,A001,2026-02-23,8,42,tempo_run,24.1,115.16,4.78,168,180,133.2,1774,65.89,341.02,5.0,5.176155714068903,139.4,440.5,24.1,233.84,58.46,4.0,1233.31,intermediate,progressive_build,M,22,180,synthetic_v1,45.89,2754.0,00:45:54,4.59
ACT000029,A001,2026-02-25,8,40,recovery_run,16.14,88.44,5.48,111,122,70.4,1381,65.89,341.02,5.0,5.176155714068903,139.4,440.5,24.1,233.84,58.46,4.0,1233.31,intermediate,progressive_build,M,22,180,synthetic_v1,45.89,2754.0,00:45:54,4.59
ACT000030,A001,2026-02-26,8,39,easy_run,2.0,10.29,5.14,128,147,22.2,131,65.89,341.02,5.0,5.176155714068903,139.4,440.5,24.1,233.84,58.46,4.0,1233.31,intermediate,progressive_build,M,22,180,synthetic_v1,45.89,2754.0,00:45:54,4.59
ACT000031,A001,2026-02-27,8,38,easy_run,3.28,17.72,5.41,140,150,46.1,247,65.89,341.02,5.0,5.176155714068903,139.4,440.5,24.1,233.84,58.46,4.0,1233.31,intermediate,progressive_build,M,22,180,synthetic_v1,45.89,2754.0,00:45:54,4.59
ACT000032,A001,2026-03-01,8,36,long_run,20.37,109.41,5.37,150,166,168.6,1309,65.89,341.02,5.0,5.176155714068903,139.4,440.5,24.1,233.84,58.46,4.0,1233.31,intermediate,progressive_build,M,22,180,synthetic_v1,45.89,2754.0,00:45:54,4.59
ACT000033,A001,2026-03-02,9,35,tempo_run,6.49,31.02,4.78,167,180,19.3,532,64.8,328.86,5.0,5.075200617283951,159.4,767.5999999999999,20.35,252.70999999999998,63.177499999999995,4.0,1322.6399999999999,intermediate,progressive_build,M,22,180,synthetic_v1,45.89,2754.0,00:45:54,4.59
ACT000034,A001,2026-03-04,9,33,interval_run,13.58,64.89,4.78,167,177,151.6,832,64.8,328.86,5.0,5.075200617283951,159.4,767.5999999999999,20.35,252.70999999999998,63.177499999999995,4.0,1322.6399999999999,intermediate,progressive_build,M,22,180,synthetic_v1,45.89,2754.0,00:45:54,4.59
ACT000035,A001,2026-03-06,9,31,interval_run,15.95,76.21,4.78,161,170,399.2,1096,64.8,328.86,5.0,5.075200617283951,159.4,767.5999999999999,20.35,252.70999999999998,63.177499999999995,4.0,1322.6399999999999,intermediate,progressive_build,M,22,180,synthetic_v1,45.89,2754.0,00:45:54,4.59
ACT000036,A001,2026-03-07,9,30,tempo_run,8.43,40.29,4.78,163,174,63.5,548,64.8,328.86,5.0,5.075200617283951,159.4,767.5999999999999,20.35,252.70999999999998,63.177499999999995,4.0,1322.6399999999999,intermediate,progressive_build,M,22,180,synthetic_v1,45.89,2754.0,00:45:54,4.59
ACT000037,A001,2026-03-08,9,29,long_run,20.35,116.45,5.72,139,162,134.0,1280,64.8,328.86,5.0,5.075200617283951,159.4,767.5999999999999,20.35,252.70999999999998,63.177499999999995,4.0,1322.6399999999999,intermediate,progressive_build,M,22,180,synthetic_v1,45.89,2754.0,00:45:54,4.59
ACT000038,A001,2026-03-09,10,28,easy_run,10.13,53.44,5.27,135,148,27.0,851,65.07,346.84999999999997,5.0,5.329658828953435,141.0,529.2,19.44,257.26,64.315,4.0,1345.73,intermediate,progressive_build,M,22,180,synthetic_v1,45.89,2754.0,00:45:54,4.59
ACT000039,A001,2026-03-10,10,27,easy_run,3.98,21.83,5.49,130,152,34.5,302,65.07,346.84999999999997,5.0,5.329658828953435,141.0,529.2,19.44,257.26,64.315,4.0,1345.73,intermediate,progressive_build,M,22,180,synthetic_v1,45.89,2754.0,00:45:54,4.59
ACT000040,A001,2026-03-11,10,26,easy_run,17.33,89.55,5.17,135,152,233.7,1449,65.07,346.84999999999997,5.0,5.329658828953435,141.0,529.2,19.44,257.26,64.315,4.0,1345.73,intermediate,progressive_build,M,22,180,synthetic_v1,45.89,2754.0,00:45:54,4.59
ACT000041,A001,2026-03-12,10,25,hill_run,14.19,75.57,5.33,165,180,90.7,1210,65.07,346.84999999999997,5.0,5.329658828953435,141.0,529.2,19.44,257.26,64.315,4.0,1345.73,intermediate,progressive_build,M,22,180,synthetic_v1,45.89,2754.0,00:45:54,4.59
ACT000042,A001,2026-03-15,10,22,long_run,19.44,106.46,5.47,140,148,143.3,1412,65.07,346.84999999999997,5.0,5.329658828953435,141.0,529.2,19.44,257.26,64.315,4.0,1345.73,intermediate,progressive_build,M,22,180,synthetic_v1,45.89,2754.0,00:45:54,4.59
ACT000043,A001,2026-03-16,11,21,easy_run,16.83,88.48,5.26,137,158,278.8,1151,55.37,293.48,5.0,5.300762145566191,138.0,497.6,16.83,251.13,62.7825,4.0,1310.21,intermediate,progressive_build,M,22,180,synthetic_v1,45.89,2754.0,00:45:54,4.59
ACT000044,A001,2026-03-19,11,18,easy_run,4.98,26.27,5.28,141,150,42.5,404,55.37,293.48,5.0,5.300762145566191,138.0,497.6,16.83,251.13,62.7825,4.0,1310.21,intermediate,progressive_build,M,22,180,synthetic_v1,45.89,2754.0,00:45:54,4.59
ACT000045,A001,2026-03-20,11,17,easy_run,7.18,37.85,5.27,132,155,12.7,508,55.37,293.48,5.0,5.300762145566191,138.0,497.6,16.83,251.13,62.7825,4.0,1310.21,intermediate,progressive_build,M,22,180,synthetic_v1,45.89,2754.0,00:45:54,4.59
ACT000046,A001,2026-03-21,11,16,easy_run,11.66,61.8,5.3,131,142,86.3,896,55.37,293.48,5.0,5.300762145566191,138.0,497.6,16.83,251.13,62.7825,4.0,1310.21,intermediate,progressive_build,M,22,180,synthetic_v1,45.89,2754.0,00:45:54,4.59
ACT000047,A001,2026-03-22,11,15,long_run,14.72,79.08,5.37,149,165,77.3,1017,55.37,293.48,5.0,5.300762145566191,138.0,497.6,16.83,251.13,62.7825,4.0,1310.21,intermediate,progressive_build,M,22,180,synthetic_v1,45.89,2754.0,00:45:54,4.59
ACT000048,A001,2026-03-24,12,13,easy_run,6.2,32.18,5.19,129,144,30.8,385,72.25999999999999,385.82,5.0,5.339313589814558,140.4,480.8,28.54,257.5,64.375,4.0,1355.01,intermediate,progressive_build,M,22,180,synthetic_v1,45.89,2754.0,00:45:54,4.59
ACT000049,A001,2026-03-25,12,12,easy_run,28.54,157.51,5.52,138,150,139.5,1739,72.25999999999999,385.82,5.0,5.339313589814558,140.4,480.8,28.54,257.5,64.375,4.0,1355.01,intermediate,progressive_build,M,22,180,synthetic_v1,45.89,2754.0,00:45:54,4.59
ACT000050,A001,2026-03-26,12,11,interval_run,7.61,36.38,4.78,165,178,72.4,624,72.25999999999999,385.82,5.0,5.339313589814558,140.4,480.8,28.54,257.5,64.375,4.0,1355.01,intermediate,progressive_build,M,22,180,synthetic_v1,45.89,2754.0,00:45:54,4.59
ACT000051,A001,2026-03-27,12,10,easy_run,8.61,42.38,4.92,134,145,62.1,535,72.25999999999999,385.82,5.0,5.339313589814558,140.4,480.8,28.54,257.5,64.375,4.0,1355.01,intermediate,progressive_build,M,22,180,synthetic_v1,45.89,2754.0,00:45:54,4.59
ACT000052,A001,2026-03-29,12,8,long_run,21.3,117.37,5.51,136,146,176.0,1313,72.25999999999999,385.82,5.0,5.339313589814558,140.4,480.8,28.54,257.5,64.375,4.0,1355.01,intermediate,progressive_build,M,22,180,synthetic_v1,45.89,2754.0,00:45:54,4.59
ACT000053,A001,2026-03-30,13,7,easy_run,9.59,52.22,5.44,122,130,35.1,755,31.39,167.66,4.0,5.342325581395349,137.25,98.60000000000001,9.59,224.08999999999997,56.022499999999994,4.0,1193.8100000000002,intermediate,progressive_build,M,22,180,synthetic_v1,45.89,2754.0,00:45:54,4.59
ACT000054,A001,2026-03-31,13,6,easy_run,8.42,45.25,5.38,138,148,18.1,620,31.39,167.66,4.0,5.342325581395349,137.25,98.60000000000001,9.59,224.08999999999997,56.022499999999994,4.0,1193.8100000000002,intermediate,progressive_build,M,22,180,synthetic_v1,45.89,2754.0,00:45:54,4.59
ACT000055,A001,2026-04-02,13,4,easy_run,5.42,28.83,5.32,149,159,38.1,403,31.39,167.66,4.0,5.342325581395349,137.25,98.60000000000001,9.59,224.08999999999997,56.022499999999994,4.0,1193.8100000000002,intermediate,progressive_build,M,22,180,synthetic_v1,45.89,2754.0,00:45:54,4.59
ACT000056,A001,2026-04-05,13,1,easy_run,7.96,41.36,5.2,140,158,7.3,604,31.39,167.66,4.0,5.342325581395349,137.25,98.60000000000001,9.59,224.08999999999997,56.022499999999994,4.0,1193.8100000000002,intermediate,progressive_build,M,22,180,synthetic_v1,45.89,2754.0,00:45:54,4.59
ACT000057,A002,2026-01-08,1,88,tempo_run,8.77,64.66,7.37,129,144,7.2,541,13.12,97.58,2.0,7.439626524390245,127.0,25.8,8.77,13.12,13.12,1.0,97.58,beginner,minor_injury,F,44,170,synthetic_v1,72.95,4377.0,01:12:57,7.3
ACT000058,A002,2026-01-11,1,85,easy_run,4.35,32.92,7.58,125,134,18.6,308,13.12,97.58,2.0,7.439626524390245,127.0,25.8,8.77,13.12,13.12,1.0,97.58,beginner,minor_injury,F,44,170,synthetic_v1,72.95,4377.0,01:12:57,7.3
ACT000059,A002,2026-01-14,2,82,easy_run,3.62,29.33,8.11,111,129,8.8,253,13.370000000000001,109.12,3.0,8.16829468960359,111.33333333333333,76.80000000000001,4.89,26.490000000000002,13.245000000000001,2.0,206.7,beginner,minor_injury,F,44,170,synthetic_v1,72.95,4377.0,01:12:57,7.3
ACT000060,A002,2026-01-15,2,81,easy_run,4.86,39.85,8.21,110,125,27.3,310,13.370000000000001,109.12,3.0,8.16829468960359,111.33333333333333,76.80000000000001,4.89,26.490000000000002,13.245000000000001,2.0,206.7,beginner,minor_injury,F,44,170,synthetic_v1,72.95,4377.0,01:12:57,7.3
ACT000061,A002,2026-01-18,2,78,long_run,4.89,39.94,8.17,113,125,40.7,358,13.370000000000001,109.12,3.0,8.16829468960359,111.33333333333333,76.80000000000001,4.89,26.490000000000002,13.245000000000001,2.0,206.7,beginner,minor_injury,F,44,170,synthetic_v1,72.95,4377.0,01:12:57,7.3
ACT000062,A002,2026-01-25,3,71,easy_run,14.2,111.63,7.86,114,130,40.1,809,14.2,111.63,1.0,7.86,114.0,40.1,14.2,40.69,13.563333333333333,3.0,318.33,beginner,minor_injury,F,44,170,synthetic_v1,72.95,4377.0,01:12:57,7.3
ACT000063,A002,2026-01-26,4,70,easy_run,8.9,71.33,8.02,110,131,27.2,563,13.190000000000001,106.75999999999999,2.0,8.09805913570887,114.5,89.0,8.9,53.88,13.47,4.0,425.09,beginner,minor_injury,F,44,170,synthetic_v1,72.95,4377.0,01:12:57,7.3
ACT000064,A002,2026-02-01,4,64,easy_run,4.29,35.43,8.26,119,135,61.8,244,13.190000000000001,106.75999999999999,2.0,8.09805913570887,114.5,89.0,8.9,53.88,13.47,4.0,425.09,beginner,minor_injury,F,44,170,synthetic_v1,72.95,4377.0,01:12:57,7.3
ACT000065,A002,2026-02-02,5,63,easy_run,8.58,71.69,8.35,112,123,46.7,480,12.36,102.5,2.0,8.285776699029126,114.0,75.0,8.58,53.120000000000005,13.280000000000001,4.0,430.01,beginner,minor_injury,F,44,170,synthetic_v1,72.95,4377.0,01:12:57,7.3
ACT000066,A002,2026-02-08,5,57,easy_run,3.78,30.81,8.14,116,132,28.3,270,12.36,102.5,2.0,8.285776699029126,114.0,75.0,8.58,53.120000000000005,13.280000000000001,4.0,430.01,beginner,minor_injury,F,44,170,synthetic_v1,72.95,4377.0,01:12:57,7.3
ACT000067,A002,2026-02-14,6,51,easy_run,7.8,61.19,7.85,113,133,179.1,552,7.8,61.19,1.0,7.85,113.0,179.1,7.8,47.55,11.8875,4.0,382.08,beginner,minor_injury,F,44,170,synthetic_v1,72.95,4377.0,01:12:57,7.3
ACT000068,A002,2026-02-24,8,41,easy_run,4.55,36.05,7.92,115,125,24.4,335,4.55,36.05,1.0,7.920000000000001,115.0,24.4,4.55,24.709999999999997,6.177499999999999,3.0,199.74,beginner,minor_injury,F,44,170,synthetic_v1,72.95,4377.0,01:12:57,7.3
ACT000069,A002,2026-03-04,9,33,easy_run,2.71,22.02,8.14,118,128,26.6,146,2.71,22.02,1.0,8.14,118.0,26.6,2.71,15.059999999999999,3.7649999999999997,3.0,119.25999999999999,beginner,minor_injury,F,44,170,synthetic_v1,72.95,4377.0,01:12:57,7.3
ACT000070,A002,2026-03-12,10,25,easy_run,6.79,55.63,8.19,116,130,37.8,423,11.370000000000001,92.78999999999999,2.0,8.161802990325418,116.5,73.1,6.79,18.63,4.6575,3.0,150.85999999999999,beginner,minor_injury,F,44,170,synthetic_v1,72.95,4377.0,01:12:57,7.3
ACT000071,A002,2026-03-15,10,22,easy_run,4.58,37.16,8.12,117,135,35.3,264,11.370000000000001,92.78999999999999,2.0,8.161802990325418,116.5,73.1,6.79,18.63,4.6575,3.0,150.85999999999999,beginner,minor_injury,F,44,170,synthetic_v1,72.95,4377.0,01:12:57,7.3
ACT000072,A002,2026-03-21,11,16,easy_run,12.08,97.45,8.07,111,123,90.7,698,12.08,97.45,1.0,8.07,111.0,90.7,12.08,30.71,7.6775,4.0,248.31,beginner,minor_injury,F,44,170,synthetic_v1,72.95,4377.0,01:12:57,7.3
ACT000073,A002,2026-03-24,12,13,easy_run,14.28,109.46,7.66,112,125,185.9,978,14.28,109.46,1.0,7.66,112.0,185.9,14.28,40.44,10.11,4.0,321.71999999999997,beginner,minor_injury,F,44,170,synthetic_v1,72.95,4377.0,01:12:57,7.3
ACT000074,A002,2026-04-05,13,1,easy_run,6.86,56.22,8.2,119,135,65.8,416,6.86,56.22,1.0,8.2,119.0,65.8,6.86,44.589999999999996,11.147499999999999,4.0,355.91999999999996,beginner,minor_injury,F,44,170,synthetic_v1,72.95,4377.0,01:12:57,7.3
ACT000075,A003,2026-01-09,1,87,easy_run,25.68,213.34,8.31,119,140,323.3,1568,25.68,213.34,1.0,8.31,119.0,323.3,25.68,25.68,25.68,1.0,213.34,beginner,minor_injury,M,43,172,synthetic_v1,71.59,4295.0,01:11:35,7.16
ACT000076,A003,2026-01-14,2,82,easy_run,20.27,166.5,8.21,117,131,24.1,1313,20.27,166.5,1.0,8.21,117.0,24.1,20.27,45.95,22.975,2.0,379.84000000000003,beginner,minor_injury,M,43,172,synthetic_v1,71.59,4295.0,01:11:35,7.16
ACT000077,A003,2026-01-21,3,75,easy_run,14.59,118.35,8.11,124,133,122.1,1005,26.22,214.32,3.0,8.173207475209763,118.66666666666667,169.89999999999998,14.59,72.17,24.05666666666667,3.0,594.16,beginner,minor_injury,M,43,172,synthetic_v1,71.59,4295.0,01:11:35,7.16
ACT000078,A003,2026-01-23,3,73,easy_run,5.27,43.97,8.34,116,136,8.4,376,26.22,214.32,3.0,8.173207475209763,118.66666666666667,169.89999999999998,14.59,72.17,24.05666666666667,3.0,594.16,beginner,minor_injury,M,43,172,synthetic_v1,71.59,4295.0,01:11:35,7.16
ACT000079,A003,2026-01-25,3,71,easy_run,6.36,52.0,8.18,116,126,39.4,411,26.22,214.32,3.0,8.173207475209763,118.66666666666667,169.89999999999998,14.59,72.17,24.05666666666667,3.0,594.16,beginner,minor_injury,M,43,172,synthetic_v1,71.59,4295.0,01:11:35,7.16
ACT000080,A003,2026-01-26,4,70,easy_run,23.12,190.25,8.23,115,123,108.6,1505,23.12,190.25,1.0,8.23,115.0,108.6,23.12,95.28999999999999,23.822499999999998,4.0,784.41,beginner,minor_injury,M,43,172,synthetic_v1,71.59,4295.0,01:11:35,7.16
ACT000081,A003,2026-02-03,5,62,easy_run,20.78,168.44,8.1,109,128,127.1,1529,20.78,168.44,1.0,8.1,109.0,127.1,20.78,90.38999999999999,22.597499999999997,4.0,739.51,beginner,minor_injury,M,43,172,synthetic_v1,71.59,4295.0,01:11:35,7.16
ACT000082,A003,2026-02-11,6,54,easy_run,14.98,125.85,8.4,109,124,95.1,1280,21.52,178.3,2.0,8.281477695167286,113.5,110.89999999999999,14.98,91.64,22.91,4.0,751.31,beginner,minor_injury,M,43,172,synthetic_v1,71.59,4295.0,01:11:35,7.16
ACT000083,A003,2026-02-15,6,50,easy_run,6.54,52.45,8.01,118,137,15.8,535,21.52,178.3,2.0,8.281477695167286,113.5,110.89999999999999,14.98,91.64,22.91,4.0,751.31,beginner,minor_injury,M,43,172,synthetic_v1,71.59,4295.0,01:11:35,7.16
ACT000084,A003,2026-02-22,7,43,easy_run,6.77,55.6,8.21,115,136,20.5,458,6.77,55.6,1.0,8.21,115.0,20.5,6.77,72.19,18.0475,4.0,592.59,beginner,minor_injury,M,43,172,synthetic_v1,71.59,4295.0,01:11:35,7.16
ACT000085,A003,2026-02-27,8,38,easy_run,5.37,44.82,8.34,105,127,41.1,447,5.37,44.82,1.0,8.34,105.0,41.1,5.37,54.44,13.61,4.0,447.16,beginner,minor_injury,M,43,172,synthetic_v1,71.59,4295.0,01:11:35,7.16
ACT000086,A003,2026-03-05,9,32,easy_run,7.76,66.59,8.58,109,120,17.4,555,7.76,66.59,1.0,8.58,109.0,17.4,7.76,41.42,10.355,4.0,345.31000000000006,beginner,minor_injury,M,43,172,synthetic_v1,71.59,4295.0,01:11:35,7.16
ACT000087,A003,2026-03-09,10,28,easy_run,22.05,178.73,8.11,112,125,160.6,1456,22.05,178.73,1.0,8.11,112.0,160.6,22.05,41.95,10.4875,4.0,345.74,beginner,minor_injury,M,43,172,synthetic_v1,71.59,4295.0,01:11:35,7.16
ACT000088,A003,2026-03-20,11,17,easy_run,19.75,156.06,7.9,115,136,111.3,1464,19.75,156.06,1.0,7.9,115.0,111.3,19.75,54.93000000000001,13.732500000000002,4.0,446.19999999999993,beginner,minor_injury,M,43,172,synthetic_v1,71.59,4295.0,01:11:35,7.16
ACT000089,A003,2026-03-23,12,14,easy_run,24.35,203.58,8.36,125,145,89.8,1789,24.35,203.58,1.0,8.36,125.0,89.8,24.35,73.91,18.4775,4.0,604.96,beginner,minor_injury,M,43,172,synthetic_v1,71.59,4295.0,01:11:35,7.16
ACT000090,A003,2026-04-04,13,2,easy_run,10.18,83.84,8.23,115,124,139.7,712,10.18,83.84,1.0,8.23,115.0,139.7,10.18,76.33,19.0825,4.0,622.2099999999999,beginner,minor_injury,M,43,172,synthetic_v1,71.59,4295.0,01:11:35,7.16
ACT000091,A004,2026-01-07,1,89,easy_run,19.26,115.29,5.99,135,153,306.1,1363,28.720000000000002,173.41,2.0,6.0394080779944295,129.0,352.5,19.26,28.720000000000002,28.720000000000002,1.0,173.41,recreational,progressive_build,M,36,180,synthetic_v1,52.31,3138.0,00:52:18,5.23
ACT000092,A004,2026-01-11,1,85,easy_run,9.46,58.12,6.14,123,140,46.4,779,28.720000000000002,173.41,2.0,6.0394080779944295,129.0,352.5,19.26,28.720000000000002,28.720000000000002,1.0,173.41,recreational,progressive_build,M,36,180,synthetic_v1,52.31,3138.0,00:52:18,5.23
ACT000093,A004,2026-01-12,2,84,easy_run,2.0,11.93,5.96,126,146,19.9,171,23.48,137.15,3.0,5.843743611584326,125.33333333333333,93.1,14.21,52.2,26.1,2.0,310.56,recreational,progressive_build,M,36,180,synthetic_v1,52.31,3138.0,00:52:18,5.23
ACT000094,A004,2026-01-13,2,83,easy_run,14.21,80.1,5.64,121,141,46.7,974,23.48,137.15,3.0,5.843743611584326,125.33333333333333,93.1,14.21,52.2,26.1,2.0,310.56,recreational,progressive_build,M,36,180,synthetic_v1,52.31,3138.0,00:52:18,5.23
ACT000095,A004,2026-01-18,2,78,easy_run,7.27,45.12,6.21,129,139,26.5,556,23.48,137.15,3.0,5.843743611584326,125.33333333333333,93.1,14.21,52.2,26.1,2.0,310.56,recreational,progressive_build,M,36,180,synthetic_v1,52.31,3138.0,00:52:18,5.23
ACT000096,A004,2026-01-22,3,74,easy_run,3.81,23.67,6.22,123,146,28.3,260,31.240000000000002,192.68,3.0,6.16768886043534,123.0,203.0,14.59,83.44,27.813333333333333,3.0,503.24,recreational,progressive_build,M,36,180,synthetic_v1,52.31,3138.0,00:52:18,5.23
ACT000097,A004,2026-01-23,3,73,easy_run,14.59,91.05,6.24,133,154,119.7,1225,31.240000000000002,192.68,3.0,6.16768886043534,123.0,203.0,14.59,83.44,27.813333333333333,3.0,503.24,recreational,progressive_build,M,36,180,synthetic_v1,52.31,3138.0,00:52:18,5.23
ACT000098,A004,2026-01-25,3,71,easy_run,12.84,77.96,6.07,113,125,55.0,1094,31.240000000000002,192.68,3.0,6.16768886043534,123.0,203.0,14.59,83.44,27.813333333333333,3.0,503.24,recreational,progressive_build,M,36,180,synthetic_v1,52.31,3138.0,00:52:18,5.23
ACT000099,A004,2026-01-26,4,70,easy_run,8.6,50.09,5.82,128,137,64.4,725,39.57,241.17000000000002,3.0,6.0931867576446805,123.33333333333333,247.20000000000002,17.82,123.01,30.7525,4.0,744.4100000000001,recreational,progressive_build,M,36,180,synthetic_v1,52.31,3138.0,00:52:18,5.23
ACT000100,A004,2026-01-30,4,66,easy_run,17.82,110.86,6.22,126,137,89.9,1524,39.57,241.17000000000002,3.0,6.0931867576446805,123.33333333333333,247.20000000000002,17.82,123.01,30.7525,4.0,744.4100000000001,recreational,progressive_build,M,36,180,synthetic_v1,52.31,3138.0,00:52:18,5.23
ACT000101,A004,2026-02-01,4,64,easy_run,13.15,80.22,6.1,116,133,92.9,1008,39.57,241.17000000000002,3.0,6.0931867576446805,123.33333333333333,247.20000000000002,17.82,123.01,30.7525,4.0,744.4100000000001,recreational,progressive_build,M,36,180,synthetic_v1,52.31,3138.0,00:52:18,5.23
ACT000102,A004,2026-02-05,5,60,easy_run,5.73,36.12,6.3,132,154,14.7,420,37.09,227.64,3.0,6.139277433270423,133.66666666666666,121.4,19.32,131.38,32.845,4.0,798.6400000000001,recreational,progressive_build,M,36,180,synthetic_v1,52.31,3138.0,00:52:18,5.23
ACT000103,A004,2026-02-06,5,59,easy_run,19.32,117.02,6.06,130,145,64.1,1464,37.09,227.64,3.0,6.139277433270423,133.66666666666666,121.4,19.32,131.38,32.845,4.0,798.6400000000001,recreational,progressive_build,M,36,180,synthetic_v1,52.31,3138.0,00:52:18,5.23
ACT000104,A004,2026-02-08,5,57,easy_run,12.04,74.5,6.19,139,161,42.6,982,37.09,227.64,3.0,6.139277433270423,133.66666666666666,121.4,19.32,131.38,32.845,4.0,798.6400000000001,recreational,progressive_build,M,36,180,synthetic_v1,52.31,3138.0,00:52:18,5.23
ACT000105,A004,2026-02-11,6,54,easy_run,13.85,80.57,5.82,123,141,71.0,1176,33.53,202.5,3.0,6.041130331046823,124.0,197.6,13.85,141.43,35.3575,4.0,863.99,recreational,progressive_build,M,36,180,synthetic_v1,52.31,3138.0,00:52:18,5.23
ACT000106,A004,2026-02-13,6,52,easy_run,10.53,65.49,6.22,127,147,106.4,736,33.53,202.5,3.0,6.041130331046823,124.0,197.6,13.85,141.43,35.3575,4.0,863.99,recreational,progressive_build,M,36,180,synthetic_v1,52.31,3138.0,00:52:18,5.23
ACT000107,A004,2026-02-15,6,50,easy_run,9.15,56.44,6.17,122,138,20.2,667,33.53,202.5,3.0,6.041130331046823,124.0,197.6,13.85,141.43,35.3575,4.0,863.99,recreational,progressive_build,M,36,180,synthetic_v1,52.31,3138.0,00:52:18,5.23
ACT000108,A004,2026-02-16,7,49,easy_run,26.86,165.5,6.16,121,133,17.8,2152,38.49,236.22,2.0,6.135827487659132,124.5,74.1,26.86,148.68,37.17,4.0,907.53,recreational,progressive_build,M,36,180,synthetic_v1,52.31,3138.0,00:52:18,5.23
ACT000109,A004,2026-02-22,7,43,easy_run,11.63,70.72,6.08,128,145,56.3,940,38.49,236.22,2.0,6.135827487659132,124.5,74.1,26.86,148.68,37.17,4.0,907.53,recreational,progressive_build,M,36,180,synthetic_v1,52.31,3138.0,00:52:18,5.23
ACT000110,A004,2026-02-23,8,42,easy_run,16.07,96.31,5.99,123,134,50.4,1141,43.24,260.93,4.0,6.035592044403329,121.75,103.9,16.07,152.35000000000002,38.087500000000006,4.0,927.29,recreational,progressive_build,M,36,180,synthetic_v1,52.31,3138.0,00:52:18,5.23
ACT000111,A004,2026-02-24,8,41,recovery_run,9.93,62.59,6.31,109,121,42.0,773,43.24,260.93,4.0,6.035592044403329,121.75,103.9,16.07,152.35000000000002,38.087500000000006,4.0,927.29,recreational,progressive_build,M,36,180,synthetic_v1,52.31,3138.0,00:52:18,5.23
ACT000112,A004,2026-02-26,8,39,easy_run,4.93,29.7,6.02,134,148,5.9,396,43.24,260.93,4.0,6.035592044403329,121.75,103.9,16.07,152.35000000000002,38.087500000000006,4.0,927.29,recreational,progressive_build,M,36,180,synthetic_v1,52.31,3138.0,00:52:18,5.23
ACT000113,A004,2026-03-01,8,36,easy_run,12.31,72.33,5.88,121,138,5.6,814,43.24,260.93,4.0,6.035592044403329,121.75,103.9,16.07,152.35000000000002,38.087500000000006,4.0,927.29,recreational,progressive_build,M,36,180,synthetic_v1,52.31,3138.0,00:52:18,5.23
ACT000114,A004,2026-03-02,9,35,easy_run,6.95,42.28,6.08,127,147,34.1,470,41.2,251.59,4.0,6.10703640776699,128.75,214.7,14.78,156.46,39.115,4.0,951.2400000000001,recreational,progressive_build,M,36,180,synthetic_v1,52.31,3138.0,00:52:18,5.23
ACT000115,A004,2026-03-04,9,33,easy_run,14.78,90.91,6.15,135,146,13.7,913,41.2,251.59,4.0,6.10703640776699,128.75,214.7,14.78,156.46,39.115,4.0,951.2400000000001,recreational,progressive_build,M,36,180,synthetic_v1,52.31,3138.0,00:52:18,5.23
ACT000116,A004,2026-03-05,9,32,easy_run,4.99,31.29,6.27,121,142,1.8,310,41.2,251.59,4.0,6.10703640776699,128.75,214.7,14.78,156.46,39.115,4.0,951.2400000000001,recreational,progressive_build,M,36,180,synthetic_v1,52.31,3138.0,00:52:18,5.23
ACT000117,A004,2026-03-08,9,29,long_run,14.48,87.11,6.02,132,142,165.1,1042,41.2,251.59,4.0,6.10703640776699,128.75,214.7,14.78,156.46,39.115,4.0,951.2400000000001,recreational,progressive_build,M,36,180,synthetic_v1,52.31,3138.0,00:52:18,5.23
ACT000118,A004,2026-03-10,10,27,easy_run,5.09,29.78,5.86,125,144,32.7,354,41.25,250.6,3.0,6.074164848484848,130.33333333333334,298.5,23.99,164.18,41.045,4.0,999.3399999999999,recreational,progressive_build,M,36,180,synthetic_v1,52.31,3138.0,00:52:18,5.23
ACT000119,A004,2026-03-14,10,23,easy_run,23.99,152.42,6.35,119,141,172.8,1692,41.25,250.6,3.0,6.074164848484848,130.33333333333334,298.5,23.99,164.18,41.045,4.0,999.3399999999999,recreational,progressive_build,M,36,180,synthetic_v1,52.31,3138.0,00:52:18,5.23
ACT000120,A004,2026-03-15,10,22,tempo_run,12.17,68.4,5.62,147,164,93.0,748,41.25,250.6,3.0,6.074164848484848,130.33333333333334,298.5,23.99,164.18,41.045,4.0,999.3399999999999,recreational,progressive_build,M,36,180,synthetic_v1,52.31,3138.0,00:52:18,5.23
ACT000121,A004,2026-03-17,11,20,recovery_run,4.79,32.87,6.87,108,131,18.6,381,36.519999999999996,226.36,3.0,6.2019331872946335,129.33333333333334,135.1,23.04,162.20999999999998,40.552499999999995,4.0,989.48,recreational,progressive_build,M,36,180,synthetic_v1,52.31,3138.0,00:52:18,5.23
ACT000122,A004,2026-03-19,11,18,easy_run,23.04,139.53,6.06,131,153,82.5,1739,36.519999999999996,226.36,3.0,6.2019331872946335,129.33333333333334,135.1,23.04,162.20999999999998,40.552499999999995,4.0,989.48,recreational,progressive_build,M,36,180,synthetic_v1,52.31,3138.0,00:52:18,5.23
ACT000123,A004,2026-03-22,11,15,hill_run,8.69,53.96,6.21,149,159,34.0,544,36.519999999999996,226.36,3.0,6.2019331872946335,129.33333333333334,135.1,23.04,162.20999999999998,40.552499999999995,4.0,989.48,recreational,progressive_build,M,36,180,synthetic_v1,52.31,3138.0,00:52:18,5.23
ACT000124,A004,2026-03-23,12,14,recovery_run,7.1,44.7,6.3,105,117,77.1,594,54.269999999999996,339.63000000000005,4.0,6.259443523125116,115.5,372.49999999999994,23.86,173.24,43.31,4.0,1068.18,recreational,progressive_build,M,36,180,synthetic_v1,52.31,3138.0,00:52:18,5.23
ACT000125,A004,2026-03-26,12,11,easy_run,9.45,59.84,6.34,132,149,21.8,740,54.269999999999996,339.63000000000005,4.0,6.259443523125116,115.5,372.49999999999994,23.86,173.24,43.31,4.0,1068.18,recreational,progressive_build,M,36,180,synthetic_v1,52.31,3138.0,00:52:18,5.23
ACT000126,A004,2026-03-27,12,10,recovery_run,23.86,149.08,6.25,110,119,251.2,1899,54.269999999999996,339.63000000000005,4.0,6.259443523125116,115.5,372.49999999999994,23.86,173.24,43.31,4.0,1068.18,recreational,progressive_build,M,36,180,synthetic_v1,52.31,3138.0,00:52:18,5.23
ACT000127,A004,2026-03-29,12,8,recovery_run,13.86,86.01,6.2,115,137,22.4,1054,54.269999999999996,339.63000000000005,4.0,6.259443523125116,115.5,372.49999999999994,23.86,173.24,43.31,4.0,1068.18,recreational,progressive_build,M,36,180,synthetic_v1,52.31,3138.0,00:52:18,5.23
ACT000128,A004,2026-04-01,13,5,easy_run,23.38,141.11,6.04,120,133,106.7,1871,37.73,229.5,3.0,6.084935064935063,137.0,271.8,23.38,169.77,42.4425,4.0,1046.0900000000001,recreational,progressive_build,M,36,180,synthetic_v1,52.31,3138.0,00:52:18,5.23
ACT000129,A004,2026-04-02,13,4,tempo_run,2.03,11.27,5.54,155,178,1.4,136,37.73,229.5,3.0,6.084935064935063,137.0,271.8,23.38,169.77,42.4425,4.0,1046.0900000000001,recreational,progressive_build,M,36,180,synthetic_v1,52.31,3138.0,00:52:18,5.23
ACT000130,A004,2026-04-05,13,1,easy_run,12.32,77.12,6.26,136,154,163.7,1009,37.73,229.5,3.0,6.084935064935063,137.0,271.8,23.38,169.77,42.4425,4.0,1046.0900000000001,recreational,progressive_build,M,36,180,synthetic_v1,52.31,3138.0,00:52:18,5.23
ACT000131,A005,2026-01-07,1,89,easy_run,20.81,123.54,5.94,125,143,95.4,1296,27.32,163.88,2.0,5.999571742313323,122.5,109.60000000000001,20.81,27.32,27.32,1.0,163.88,recreational,progressive_build,M,40,174,synthetic_v1,51.15,3069.0,00:51:09,5.12
ACT000132,A005,2026-01-11,1,85,easy_run,6.51,40.34,6.19,120,135,14.2,528,27.32,163.88,2.0,5.999571742313323,122.5,109.60000000000001,20.81,27.32,27.32,1.0,163.88,recreational,progressive_build,M,40,174,synthetic_v1,51.15,3069.0,00:51:09,5.12
ACT000133,A005,2026-01-15,2,81,easy_run,20.03,122.91,6.14,134,145,195.4,1578,28.79,175.97,2.0,6.112615491490101,133.5,271.2,20.03,56.11,28.055,2.0,339.85,recreational,progressive_build,M,40,174,synthetic_v1,51.15,3069.0,00:51:09,5.12
ACT000134,A005,2026-01-18,2,78,easy_run,8.76,53.06,6.05,133,153,75.8,638,28.79,175.97,2.0,6.112615491490101,133.5,271.2,20.03,56.11,28.055,2.0,339.85,recreational,progressive_build,M,40,174,synthetic_v1,51.15,3069.0,00:51:09,5.12
ACT000135,A005,2026-01-20,3,76,easy_run,25.57,146.47,5.73,127,148,93.8,2156,25.57,146.47,1.0,5.73,127.0,93.8,25.57,81.68,27.22666666666667,3.0,486.32,recreational,progressive_build,M,40,174,synthetic_v1,51.15,3069.0,00:51:09,5.12
ACT000136,A005,2026-01-26,4,70,recovery_run,19.01,116.13,6.11,114,129,106.2,1621,31.080000000000002,183.72,3.0,5.911907979407981,129.66666666666666,200.7,19.01,112.76,28.19,4.0,670.04,recreational,progressive_build,M,40,174,synthetic_v1,51.15,3069.0,00:51:09,5.12
ACT000137,A005,2026-01-29,4,67,easy_run,4.49,27.54,6.14,124,147,62.1,370,31.080000000000002,183.72,3.0,5.911907979407981,129.66666666666666,200.7,19.01,112.76,28.19,4.0,670.04,recreational,progressive_build,M,40,174,synthetic_v1,51.15,3069.0,00:51:09,5.12
ACT000138,A005,2026-02-01,4,64,tempo_run,7.58,40.05,5.28,151,163,32.4,590,31.080000000000002,183.72,3.0,5.911907979407981,129.66666666666666,200.7,19.01,112.76,28.19,4.0,670.04,recreational,progressive_build,M,40,174,synthetic_v1,51.15,3069.0,00:51:09,5.12
ACT000139,A005,2026-02-04,5,61,easy_run,21.68,130.88,6.04,129,139,67.3,1477,29.73,180.39,2.0,6.069784729229735,129.5,207.0,21.68,115.16999999999999,28.792499999999997,4.0,686.55,recreational,progressive_build,M,40,174,synthetic_v1,51.15,3069.0,00:51:09,5.12
ACT000140,A005,2026-02-08,5,57,easy_run,8.05,49.51,6.15,130,138,139.7,622,29.73,180.39,2.0,6.069784729229735,129.5,207.0,21.68,115.16999999999999,28.792499999999997,4.0,686.55,recreational,progressive_build,M,40,174,synthetic_v1,51.15,3069.0,00:51:09,5.12
ACT000141,A005,2026-02-10,6,55,easy_run,12.57,77.65,6.18,136,156,68.2,1075,27.84,172.83,3.0,6.208753591954022,128.66666666666666,161.8,12.57,114.22,28.555,4.0,683.41,recreational,progressive_build,M,40,174,synthetic_v1,51.15,3069.0,00:51:09,5.12
ACT000142,A005,2026-02-11,6,54,easy_run,5.96,36.29,6.08,120,143,32.3,489,27.84,172.83,3.0,6.208753591954022,128.66666666666666,161.8,12.57,114.22,28.555,4.0,683.41,recreational,progressive_build,M,40,174,synthetic_v1,51.15,3069.0,00:51:09,5.12
ACT000143,A005,2026-02-15,6,50,easy_run,9.31,58.89,6.33,130,153,61.3,588,27.84,172.83,3.0,6.208753591954022,128.66666666666666,161.8,12.57,114.22,28.555,4.0,683.41,recreational,progressive_build,M,40,174,synthetic_v1,51.15,3069.0,00:51:09,5.12
ACT000144,A005,2026-02-19,7,46,easy_run,16.94,100.35,5.92,122,134,187.6,1337,39.97,237.62,3.0,5.942659494620965,129.66666666666666,253.39999999999998,16.94,128.62,32.155,4.0,774.5600000000001,recreational,progressive_build,M,40,174,synthetic_v1,51.15,3069.0,00:51:09,5.12
ACT000145,A005,2026-02-21,7,44,easy_run,10.62,61.9,5.83,133,155,22.2,779,39.97,237.62,3.0,5.942659494620965,129.66666666666666,253.39999999999998,16.94,128.62,32.155,4.0,774.5600000000001,recreational,progressive_build,M,40,174,synthetic_v1,51.15,3069.0,00:51:09,5.12
ACT000146,A005,2026-02-22,7,43,easy_run,12.41,75.37,6.07,134,151,43.6,1066,39.97,237.62,3.0,5.942659494620965,129.66666666666666,253.39999999999998,16.94,128.62,32.155,4.0,774.5600000000001,recreational,progressive_build,M,40,174,synthetic_v1,51.15,3069.0,00:51:09,5.12
ACT000147,A005,2026-02-23,8,42,easy_run,2.9,16.27,5.62,128,136,5.8,248,47.959999999999994,289.49,3.0,6.033594662218516,124.66666666666667,394.3,33.36,145.5,36.375,4.0,880.33,recreational,progressive_build,M,40,174,synthetic_v1,51.15,3069.0,00:51:09,5.12
ACT000148,A005,2026-02-24,8,41,easy_run,33.36,197.57,5.92,128,148,305.7,2396,47.959999999999994,289.49,3.0,6.033594662218516,124.66666666666667,394.3,33.36,145.5,36.375,4.0,880.33,recreational,progressive_build,M,40,174,synthetic_v1,51.15,3069.0,00:51:09,5.12
ACT000149,A005,2026-03-01,8,36,recovery_run,11.7,75.65,6.46,118,141,82.8,906,47.959999999999994,289.49,3.0,6.033594662218516,124.66666666666667,394.3,33.36,145.5,36.375,4.0,880.33,recreational,progressive_build,M,40,174,synthetic_v1,51.15,3069.0,00:51:09,5.12
ACT000150,A005,2026-03-05,9,32,easy_run,12.69,76.32,6.01,129,145,85.7,953,45.5,281.29999999999995,3.0,6.177945054945055,129.0,847.5,17.0,161.26999999999998,40.317499999999995,4.0,981.24,recreational,progressive_build,M,40,174,synthetic_v1,51.15,3069.0,00:51:09,5.12
ACT000151,A005,2026-03-06,9,31,recovery_run,17.0,107.52,6.32,123,146,49.6,1260,45.5,281.29999999999995,3.0,6.177945054945055,129.0,847.5,17.0,161.26999999999998,40.317499999999995,4.0,981.24,recreational,progressive_build,M,40,174,synthetic_v1,51.15,3069.0,00:51:09,5.12
ACT000152,A005,2026-03-08,9,29,long_run,15.81,97.46,6.16,135,157,712.2,986,45.5,281.29999999999995,3.0,6.177945054945055,129.0,847.5,17.0,161.26999999999998,40.317499999999995,4.0,981.24,recreational,progressive_build,M,40,174,synthetic_v1,51.15,3069.0,00:51:09,5.12
ACT000153,A005,2026-03-09,10,28,tempo_run,4.05,21.35,5.27,148,163,18.6,338,36.97,216.01999999999998,4.0,5.842128753043008,134.25,227.6,14.19,170.39999999999998,42.599999999999994,4.0,1024.4299999999998,recreational,progressive_build,M,40,174,synthetic_v1,51.15,3069.0,00:51:09,5.12
ACT000154,A005,2026-03-12,10,25,recovery_run,14.19,90.8,6.4,106,119,98.7,1204,36.97,216.01999999999998,4.0,5.842128753043008,134.25,227.6,14.19,170.39999999999998,42.599999999999994,4.0,1024.4299999999998,recreational,progressive_build,M,40,174,synthetic_v1,51.15,3069.0,00:51:09,5.12
ACT000155,A005,2026-03-14,10,23,tempo_run,8.19,44.09,5.38,157,173,80.0,574,36.97,216.01999999999998,4.0,5.842128753043008,134.25,227.6,14.19,170.39999999999998,42.599999999999994,4.0,1024.4299999999998,recreational,progressive_build,M,40,174,synthetic_v1,51.15,3069.0,00:51:09,5.12
ACT000156,A005,2026-03-15,10,22,easy_run,10.54,59.78,5.67,126,140,30.3,846,36.97,216.01999999999998,4.0,5.842128753043008,134.25,227.6,14.19,170.39999999999998,42.599999999999994,4.0,1024.4299999999998,recreational,progressive_build,M,40,174,synthetic_v1,51.15,3069.0,00:51:09,5.12
ACT000157,A005,2026-03-17,11,20,tempo_run,16.36,89.15,5.45,156,174,117.4,1074,42.019999999999996,250.91000000000003,4.0,5.972049024274156,127.0,253.60000000000002,16.36,172.45,43.1125,4.0,1037.72,recreational,progressive_build,M,40,174,synthetic_v1,51.15,3069.0,00:51:09,5.12
ACT000158,A005,2026-03-19,11,18,recovery_run,3.57,21.95,6.14,108,128,9.4,305,42.019999999999996,250.91000000000003,4.0,5.972049024274156,127.0,253.60000000000002,16.36,172.45,43.1125,4.0,1037.72,recreational,progressive_build,M,40,174,synthetic_v1,51.15,3069.0,00:51:09,5.12
ACT000159,A005,2026-03-20,11,17,easy_run,8.7,53.75,6.18,125,144,26.8,689,42.019999999999996,250.91000000000003,4.0,5.972049024274156,127.0,253.60000000000002,16.36,172.45,43.1125,4.0,1037.72,recreational,progressive_build,M,40,174,synthetic_v1,51.15,3069.0,00:51:09,5.12
ACT000160,A005,2026-03-22,11,15,recovery_run,13.39,86.06,6.43,119,132,100.0,1017,42.019999999999996,250.91000000000003,4.0,5.972049024274156,127.0,253.60000000000002,16.36,172.45,43.1125,4.0,1037.72,recreational,progressive_build,M,40,174,synthetic_v1,51.15,3069.0,00:51:09,5.12
ACT000161,A005,2026-03-27,12,10,easy_run,30.59,177.75,5.81,131,143,1.6,2015,47.019999999999996,280.07,2.0,5.956758826031476,131.0,135.6,30.59,171.51,42.8775,4.0,1028.3,recreational,progressive_build,M,40,174,synthetic_v1,51.15,3069.0,00:51:09,5.12
ACT000162,A005,2026-03-29,12,8,easy_run,16.43,102.32,6.23,131,141,134.0,1359,47.019999999999996,280.07,2.0,5.956758826031476,131.0,135.6,30.59,171.51,42.8775,4.0,1028.3,recreational,progressive_build,M,40,174,synthetic_v1,51.15,3069.0,00:51:09,5.12
ACT000163,A005,2026-03-31,13,6,easy_run,19.19,112.17,5.85,124,138,74.4,1410,34.21,204.63,2.0,5.986106401636948,125.0,200.2,19.19,160.22,40.055,4.0,951.63,recreational,progressive_build,M,40,174,synthetic_v1,51.15,3069.0,00:51:09,5.12
ACT000164,A005,2026-04-05,13,1,easy_run,15.02,92.46,6.16,126,148,125.8,1014,34.21,204.63,2.0,5.986106401636948,125.0,200.2,19.19,160.22,40.055,4.0,951.63,recreational,progressive_build,M,40,174,synthetic_v1,51.15,3069.0,00:51:09,5.12
ACT000165,A006,2026-01-06,1,90,easy_run,2.0,12.25,6.13,130,152,3.9,149,31.26,189.93,4.0,6.074062699936021,127.75,241.8,14.08,31.26,31.26,1.0,189.93,recreational,consistent,M,24,193,synthetic_v1,51.59,3095.0,00:51:35,5.16
ACT000166,A006,2026-01-08,1,88,easy_run,14.08,88.59,6.29,125,139,116.7,895,31.26,189.93,4.0,6.074062699936021,127.75,241.8,14.08,31.26,31.26,1.0,189.93,recreational,consistent,M,24,193,synthetic_v1,51.59,3095.0,00:51:35,5.16
ACT000167,A006,2026-01-10,1,86,easy_run,6.88,40.26,5.85,129,140,36.7,575,31.26,189.93,4.0,6.074062699936021,127.75,241.8,14.08,31.26,31.26,1.0,189.93,recreational,consistent,M,24,193,synthetic_v1,51.59,3095.0,00:51:35,5.16
ACT000168,A006,2026-01-11,1,85,easy_run,8.3,48.83,5.88,127,148,84.5,573,31.26,189.93,4.0,6.074062699936021,127.75,241.8,14.08,31.26,31.26,1.0,189.93,recreational,consistent,M,24,193,synthetic_v1,51.59,3095.0,00:51:35,5.16
ACT000169,A006,2026-01-12,2,84,easy_run,4.14,25.1,6.06,118,136,10.9,275,28.64,174.41,4.0,6.090810055865922,120.0,96.1,10.48,59.900000000000006,29.950000000000003,2.0,364.34000000000003,recreational,consistent,M,24,193,synthetic_v1,51.59,3095.0,00:51:35,5.16
ACT000170,A006,2026-01-13,2,83,recovery_run,4.87,31.92,6.55,111,126,1.8,360,28.64,174.41,4.0,6.090810055865922,120.0,96.1,10.48,59.900000000000006,29.950000000000003,2.0,364.34000000000003,recreational,consistent,M,24,193,synthetic_v1,51.59,3095.0,00:51:35,5.16
ACT000171,A006,2026-01-15,2,81,easy_run,10.48,63.15,6.03,126,149,60.3,666,28.64,174.41,4.0,6.090810055865922,120.0,96.1,10.48,59.900000000000006,29.950000000000003,2.0,364.34000000000003,recreational,consistent,M,24,193,synthetic_v1,51.59,3095.0,00:51:35,5.16
ACT000172,A006,2026-01-18,2,78,long_run,9.15,54.24,5.93,125,145,23.1,770,28.64,174.41,4.0,6.090810055865922,120.0,96.1,10.48,59.900000000000006,29.950000000000003,2.0,364.34000000000003,recreational,consistent,M,24,193,synthetic_v1,51.59,3095.0,00:51:35,5.16
ACT000173,A006,2026-01-20,3,76,easy_run,10.44,60.49,5.79,123,133,147.0,800,26.68,157.63,4.0,5.91,136.0,196.7,10.44,86.58,28.86,3.0,521.97,recreational,consistent,M,24,193,synthetic_v1,51.59,3095.0,00:51:35,5.16
ACT000174,A006,2026-01-21,3,75,easy_run,5.88,35.66,6.07,129,147,3.7,460,26.68,157.63,4.0,5.91,136.0,196.7,10.44,86.58,28.86,3.0,521.97,recreational,consistent,M,24,193,synthetic_v1,51.59,3095.0,00:51:35,5.16
ACT000175,A006,2026-01-22,3,74,interval_run,2.0,10.45,5.23,158,166,10.7,143,26.68,157.63,4.0,5.91,136.0,196.7,10.44,86.58,28.86,3.0,521.97,recreational,consistent,M,24,193,synthetic_v1,51.59,3095.0,00:51:35,5.16
ACT000176,A006,2026-01-25,3,71,long_run,8.36,51.03,6.11,134,147,35.3,644,26.68,157.63,4.0,5.91,136.0,196.7,10.44,86.58,28.86,3.0,521.97,recreational,consistent,M,24,193,synthetic_v1,51.59,3095.0,00:51:35,5.16
ACT000177,A006,2026-01-27,4,69,easy_run,8.25,47.02,5.7,133,142,71.4,676,20.53,121.06,4.0,5.898928397467121,125.75,156.6,8.25,107.11,26.7775,4.0,643.03,recreational,consistent,M,24,193,synthetic_v1,51.59,3095.0,00:51:35,5.16
ACT000178,A006,2026-01-28,4,68,easy_run,4.84,29.0,6.0,127,137,61.5,388,20.53,121.06,4.0,5.898928397467121,125.75,156.6,8.25,107.11,26.7775,4.0,643.03,recreational,consistent,M,24,193,synthetic_v1,51.59,3095.0,00:51:35,5.16
ACT000179,A006,2026-01-30,4,66,easy_run,2.0,12.39,6.2,127,141,18.4,142,20.53,121.06,4.0,5.898928397467121,125.75,156.6,8.25,107.11,26.7775,4.0,643.03,recreational,consistent,M,24,193,synthetic_v1,51.59,3095.0,00:51:35,5.16
ACT000180,A006,2026-02-01,4,64,easy_run,5.44,32.65,6.0,116,133,5.3,379,20.53,121.06,4.0,5.898928397467121,125.75,156.6,8.25,107.11,26.7775,4.0,643.03,recreational,consistent,M,24,193,synthetic_v1,51.59,3095.0,00:51:35,5.16
ACT000181,A006,2026-02-03,5,62,tempo_run,4.19,22.6,5.4,145,160,57.1,276,26.630000000000003,161.94,4.0,6.079031167855802,130.0,671.5,13.66,102.48,25.62,4.0,615.04,recreational,consistent,M,24,193,synthetic_v1,51.59,3095.0,00:51:35,5.16
ACT000182,A006,2026-02-04,5,61,recovery_run,2.0,12.74,6.37,120,142,29.6,155,26.630000000000003,161.94,4.0,6.079031167855802,130.0,671.5,13.66,102.48,25.62,4.0,615.04,recreational,consistent,M,24,193,synthetic_v1,51.59,3095.0,00:51:35,5.16
ACT000183,A006,2026-02-06,5,59,hill_run,13.66,83.92,6.14,142,157,568.5,868,26.630000000000003,161.94,4.0,6.079031167855802,130.0,671.5,13.66,102.48,25.62,4.0,615.04,recreational,consistent,M,24,193,synthetic_v1,51.59,3095.0,00:51:35,5.16
ACT000184,A006,2026-02-08,5,57,recovery_run,6.78,42.68,6.29,113,128,16.3,425,26.630000000000003,161.94,4.0,6.079031167855802,130.0,671.5,13.66,102.48,25.62,4.0,615.04,recreational,consistent,M,24,193,synthetic_v1,51.59,3095.0,00:51:35,5.16
ACT000185,A006,2026-02-10,6,55,easy_run,2.0,12.5,6.25,118,130,12.5,141,21.3,131.18,3.0,6.159718309859155,123.33333333333333,328.9,10.96,95.14,23.785,4.0,571.8100000000001,recreational,consistent,M,24,193,synthetic_v1,51.59,3095.0,00:51:35,5.16
ACT000186,A006,2026-02-11,6,54,hill_run,10.96,68.78,6.28,133,154,110.3,891,21.3,131.18,3.0,6.159718309859155,123.33333333333333,328.9,10.96,95.14,23.785,4.0,571.8100000000001,recreational,consistent,M,24,193,synthetic_v1,51.59,3095.0,00:51:35,5.16
ACT000187,A006,2026-02-15,6,50,easy_run,8.34,49.9,5.98,119,137,206.1,560,21.3,131.18,3.0,6.159718309859155,123.33333333333333,328.9,10.96,95.14,23.785,4.0,571.8100000000001,recreational,consistent,M,24,193,synthetic_v1,51.59,3095.0,00:51:35,5.16
ACT000188,A006,2026-02-17,7,48,easy_run,3.63,21.65,5.97,130,147,3.4,237,25.310000000000002,149.52,4.0,5.909593046226788,126.25,139.5,8.32,93.77000000000001,23.442500000000003,4.0,563.7,recreational,consistent,M,24,193,synthetic_v1,51.59,3095.0,00:51:35,5.16
ACT000189,A006,2026-02-19,7,46,easy_run,5.13,30.17,5.88,120,135,24.7,405,25.310000000000002,149.52,4.0,5.909593046226788,126.25,139.5,8.32,93.77000000000001,23.442500000000003,4.0,563.7,recreational,consistent,M,24,193,synthetic_v1,51.59,3095.0,00:51:35,5.16
ACT000190,A006,2026-02-21,7,44,easy_run,8.32,49.89,6.0,134,153,69.6,643,25.310000000000002,149.52,4.0,5.909593046226788,126.25,139.5,8.32,93.77000000000001,23.442500000000003,4.0,563.7,recreational,consistent,M,24,193,synthetic_v1,51.59,3095.0,00:51:35,5.16
ACT000191,A006,2026-02-22,7,43,easy_run,8.23,47.81,5.81,121,136,41.8,706,25.310000000000002,149.52,4.0,5.909593046226788,126.25,139.5,8.32,93.77000000000001,23.442500000000003,4.0,563.7,recreational,consistent,M,24,193,synthetic_v1,51.59,3095.0,00:51:35,5.16
ACT000192,A006,2026-02-23,8,42,easy_run,2.22,12.9,5.8,138,155,12.7,173,27.090000000000003,167.36,4.0,6.176194167589516,131.0,93.1,10.64,100.33000000000001,25.082500000000003,4.0,610.0,recreational,consistent,M,24,193,synthetic_v1,51.59,3095.0,00:51:35,5.16
ACT000193,A006,2026-02-24,8,41,hill_run,8.33,52.54,6.31,136,145,26.0,545,27.090000000000003,167.36,4.0,6.176194167589516,131.0,93.1,10.64,100.33000000000001,25.082500000000003,4.0,610.0,recreational,consistent,M,24,193,synthetic_v1,51.59,3095.0,00:51:35,5.16
ACT000194,A006,2026-02-28,8,37,easy_run,5.9,36.27,6.14,116,132,37.6,424,27.090000000000003,167.36,4.0,6.176194167589516,131.0,93.1,10.64,100.33000000000001,25.082500000000003,4.0,610.0,recreational,consistent,M,24,193,synthetic_v1,51.59,3095.0,00:51:35,5.16
ACT000195,A006,2026-03-01,8,36,long_run,10.64,65.65,6.17,134,157,16.8,707,27.090000000000003,167.36,4.0,6.176194167589516,131.0,93.1,10.64,100.33000000000001,25.082500000000003,4.0,610.0,recreational,consistent,M,24,193,synthetic_v1,51.59,3095.0,00:51:35,5.16
ACT000196,A006,2026-03-02,9,35,easy_run,9.55,59.23,6.2,118,132,53.3,778,24.05,146.9,3.0,6.107779625779625,118.66666666666667,98.39999999999999,9.55,97.75,24.4375,4.0,594.96,recreational,consistent,M,24,193,synthetic_v1,51.59,3095.0,00:51:35,5.16
ACT000197,A006,2026-03-03,9,34,recovery_run,6.01,37.06,6.17,117,136,21.7,445,24.05,146.9,3.0,6.107779625779625,118.66666666666667,98.39999999999999,9.55,97.75,24.4375,4.0,594.96,recreational,consistent,M,24,193,synthetic_v1,51.59,3095.0,00:51:35,5.16
ACT000198,A006,2026-03-08,9,29,easy_run,8.49,50.61,5.96,121,137,23.4,649,24.05,146.9,3.0,6.107779625779625,118.66666666666667,98.39999999999999,9.55,97.75,24.4375,4.0,594.96,recreational,consistent,M,24,193,synthetic_v1,51.59,3095.0,00:51:35,5.16
ACT000199,A006,2026-03-10,10,27,easy_run,2.0,11.42,5.71,130,153,22.8,142,20.990000000000002,120.42,4.0,5.738675559790377,135.5,183.4,7.36,97.44000000000001,24.360000000000003,4.0,584.2,recreational,consistent,M,24,193,synthetic_v1,51.59,3095.0,00:51:35,5.16
ACT000200,A006,2026-03-11,10,26,interval_run,7.36,38.64,5.25,161,179,90.7,619,20.990000000000002,120.42,4.0,5.738675559790377,135.5,183.4,7.36,97.44000000000001,24.360000000000003,4.0,584.2,recreational,consistent,M,24,193,synthetic_v1,51.59,3095.0,00:51:35,5.16
ACT000201,A006,2026-03-14,10,23,recovery_run,4.32,26.81,6.21,114,129,22.3,356,20.990000000000002,120.42,4.0,5.738675559790377,135.5,183.4,7.36,97.44000000000001,24.360000000000003,4.0,584.2,recreational,consistent,M,24,193,synthetic_v1,51.59,3095.0,00:51:35,5.16
ACT000202,A006,2026-03-15,10,22,long_run,7.31,43.55,5.96,137,147,47.6,570,20.990000000000002,120.42,4.0,5.738675559790377,135.5,183.4,7.36,97.44000000000001,24.360000000000003,4.0,584.2,recreational,consistent,M,24,193,synthetic_v1,51.59,3095.0,00:51:35,5.16
ACT000203,A006,2026-03-17,11,20,tempo_run,2.92,15.96,5.46,151,173,13.0,189,23.57,136.58,4.0,5.794272380144251,131.25,179.2,8.99,95.7,23.925,4.0,571.26,recreational,consistent,M,24,193,synthetic_v1,51.59,3095.0,00:51:35,5.16
ACT000204,A006,2026-03-19,11,18,easy_run,6.06,35.74,5.89,128,137,69.6,452,23.57,136.58,4.0,5.794272380144251,131.25,179.2,8.99,95.7,23.925,4.0,571.26,recreational,consistent,M,24,193,synthetic_v1,51.59,3095.0,00:51:35,5.16
ACT000205,A006,2026-03-20,11,17,easy_run,8.99,51.74,5.76,118,136,54.1,661,23.57,136.58,4.0,5.794272380144251,131.25,179.2,8.99,95.7,23.925,4.0,571.26,recreational,consistent,M,24,193,synthetic_v1,51.59,3095.0,00:51:35,5.16
ACT000206,A006,2026-03-22,11,15,easy_run,5.6,33.14,5.92,128,145,42.5,426,23.57,136.58,4.0,5.794272380144251,131.25,179.2,8.99,95.7,23.925,4.0,571.26,recreational,consistent,M,24,193,synthetic_v1,51.59,3095.0,00:51:35,5.16
ACT000207,A006,2026-03-23,12,14,recovery_run,7.37,45.47,6.17,105,114,31.0,469,32.25,198.18,3.0,6.147153488372093,115.33333333333333,235.2,14.96,100.86,25.215,4.0,602.08,recreational,consistent,M,24,193,synthetic_v1,51.59,3095.0,00:51:35,5.16
ACT000208,A006,2026-03-25,12,12,recovery_run,14.96,93.61,6.26,118,137,119.1,1268,32.25,198.18,3.0,6.147153488372093,115.33333333333333,235.2,14.96,100.86,25.215,4.0,602.08,recreational,consistent,M,24,193,synthetic_v1,51.59,3095.0,00:51:35,5.16
ACT000209,A006,2026-03-29,12,8,easy_run,9.92,59.1,5.96,123,140,85.1,671,32.25,198.18,3.0,6.147153488372093,115.33333333333333,235.2,14.96,100.86,25.215,4.0,602.08,recreational,consistent,M,24,193,synthetic_v1,51.59,3095.0,00:51:35,5.16
ACT000210,A006,2026-04-01,13,5,easy_run,8.03,48.1,5.99,117,137,13.4,613,16.38,100.42,3.0,6.1293894993895,122.66666666666667,78.5,8.03,93.19,23.2975,4.0,555.6,recreational,consistent,M,24,193,synthetic_v1,51.59,3095.0,00:51:35,5.16
ACT000211,A006,2026-04-03,13,3,easy_run,3.66,22.15,6.05,128,139,20.4,264,16.38,100.42,3.0,6.1293894993895,122.66666666666667,78.5,8.03,93.19,23.2975,4.0,555.6,recreational,consistent,M,24,193,synthetic_v1,51.59,3095.0,00:51:35,5.16
ACT000212,A006,2026-04-05,13,1,easy_run,4.69,30.17,6.43,123,146,44.7,388,16.38,100.42,3.0,6.1293894993895,122.66666666666667,78.5,8.03,93.19,23.2975,4.0,555.6,recreational,consistent,M,24,193,synthetic_v1,51.59,3095.0,00:51:35,5.16
ACT000213,A007,2026-01-05,1,91,tempo_run,2.0,7.29,3.65,167,180,21.7,131,67.00999999999999,268.82,6.0,4.01446351290852,164.0,483.79999999999995,23.16,67.00999999999999,67.00999999999999,1.0,268.82,advanced,consistent,M,25,196,synthetic_v1,34.66,2079.0,00:34:39,3.47
ACT000214,A007,2026-01-06,1,90,tempo_run,14.6,52.53,3.6,169,183,57.6,905,67.00999999999999,268.82,6.0,4.01446351290852,164.0,483.79999999999995,23.16,67.00999999999999,67.00999999999999,1.0,268.82,advanced,consistent,M,25,196,synthetic_v1,34.66,2079.0,00:34:39,3.47
ACT000215,A007,2026-01-07,1,89,interval_run,8.26,31.83,3.86,169,183,58.4,710,67.00999999999999,268.82,6.0,4.01446351290852,164.0,483.79999999999995,23.16,67.00999999999999,67.00999999999999,1.0,268.82,advanced,consistent,M,25,196,synthetic_v1,34.66,2079.0,00:34:39,3.47
ACT000216,A007,2026-01-09,1,87,interval_run,3.05,10.91,3.58,183,196,8.4,231,67.00999999999999,268.82,6.0,4.01446351290852,164.0,483.79999999999995,23.16,67.00999999999999,67.00999999999999,1.0,268.82,advanced,consistent,M,25,196,synthetic_v1,34.66,2079.0,00:34:39,3.47
ACT000217,A007,2026-01-10,1,86,easy_run,15.94,65.79,4.13,141,149,63.0,1365,67.00999999999999,268.82,6.0,4.01446351290852,164.0,483.79999999999995,23.16,67.00999999999999,67.00999999999999,1.0,268.82,advanced,consistent,M,25,196,synthetic_v1,34.66,2079.0,00:34:39,3.47
ACT000218,A007,2026-01-11,1,85,long_run,23.16,100.47,4.34,155,174,274.7,1763,67.00999999999999,268.82,6.0,4.01446351290852,164.0,483.79999999999995,23.16,67.00999999999999,67.00999999999999,1.0,268.82,advanced,consistent,M,25,196,synthetic_v1,34.66,2079.0,00:34:39,3.47
ACT000219,A007,2026-01-12,2,84,hill_run,4.84,19.98,4.13,168,182,69.8,306,73.24000000000001,315.96000000000004,6.0,4.314341889677772,152.83333333333334,636.2,26.67,140.25,70.125,2.0,584.78,advanced,consistent,M,25,196,synthetic_v1,34.66,2079.0,00:34:39,3.47
ACT000220,A007,2026-01-13,2,83,tempo_run,4.38,16.23,3.71,170,189,12.8,297,73.24000000000001,315.96000000000004,6.0,4.314341889677772,152.83333333333334,636.2,26.67,140.25,70.125,2.0,584.78,advanced,consistent,M,25,196,synthetic_v1,34.66,2079.0,00:34:39,3.47
ACT000221,A007,2026-01-14,2,82,easy_run,11.36,49.55,4.36,154,164,81.2,747,73.24000000000001,315.96000000000004,6.0,4.314341889677772,152.83333333333334,636.2,26.67,140.25,70.125,2.0,584.78,advanced,consistent,M,25,196,synthetic_v1,34.66,2079.0,00:34:39,3.47
ACT000222,A007,2026-01-15,2,81,recovery_run,14.88,65.04,4.37,119,128,47.8,1264,73.24000000000001,315.96000000000004,6.0,4.314341889677772,152.83333333333334,636.2,26.67,140.25,70.125,2.0,584.78,advanced,consistent,M,25,196,synthetic_v1,34.66,2079.0,00:34:39,3.47
ACT000223,A007,2026-01-16,2,80,easy_run,11.11,45.5,4.09,149,171,28.8,832,73.24000000000001,315.96000000000004,6.0,4.314341889677772,152.83333333333334,636.2,26.67,140.25,70.125,2.0,584.78,advanced,consistent,M,25,196,synthetic_v1,34.66,2079.0,00:34:39,3.47
ACT000224,A007,2026-01-18,2,78,long_run,26.67,119.66,4.49,157,180,395.8,1649,73.24000000000001,315.96000000000004,6.0,4.314341889677772,152.83333333333334,636.2,26.67,140.25,70.125,2.0,584.78,advanced,consistent,M,25,196,synthetic_v1,34.66,2079.0,00:34:39,3.47
ACT000225,A007,2026-01-20,3,76,easy_run,16.78,73.72,4.39,137,155,161.5,1204,55.379999999999995,232.71,5.0,4.202378114842904,157.4,689.4,17.2,195.63,65.21,3.0,817.49,advanced,consistent,M,25,196,synthetic_v1,34.66,2079.0,00:34:39,3.47
ACT000226,A007,2026-01-21,3,75,tempo_run,4.75,18.19,3.83,172,195,29.6,346,55.379999999999995,232.71,5.0,4.202378114842904,157.4,689.4,17.2,195.63,65.21,3.0,817.49,advanced,consistent,M,25,196,synthetic_v1,34.66,2079.0,00:34:39,3.47
ACT000227,A007,2026-01-22,3,74,hill_run,6.05,24.76,4.1,160,168,56.4,510,55.379999999999995,232.71,5.0,4.202378114842904,157.4,689.4,17.2,195.63,65.21,3.0,817.49,advanced,consistent,M,25,196,synthetic_v1,34.66,2079.0,00:34:39,3.47
ACT000228,A007,2026-01-23,3,73,tempo_run,10.6,40.38,3.81,169,188,132.0,728,55.379999999999995,232.71,5.0,4.202378114842904,157.4,689.4,17.2,195.63,65.21,3.0,817.49,advanced,consistent,M,25,196,synthetic_v1,34.66,2079.0,00:34:39,3.47
ACT000229,A007,2026-01-25,3,71,long_run,17.2,75.66,4.4,149,166,309.9,1267,55.379999999999995,232.71,5.0,4.202378114842904,157.4,689.4,17.2,195.63,65.21,3.0,817.49,advanced,consistent,M,25,196,synthetic_v1,34.66,2079.0,00:34:39,3.47
ACT000230,A007,2026-01-26,4,70,easy_run,4.48,18.28,4.08,141,154,18.8,346,53.4,230.55,6.0,4.314161048689139,140.66666666666666,435.7,18.04,249.03,62.2575,4.0,1048.04,advanced,consistent,M,25,196,synthetic_v1,34.66,2079.0,00:34:39,3.47
ACT000231,A007,2026-01-27,4,69,recovery_run,2.0,9.22,4.61,120,130,11.1,122,53.4,230.55,6.0,4.314161048689139,140.66666666666666,435.7,18.04,249.03,62.2575,4.0,1048.04,advanced,consistent,M,25,196,synthetic_v1,34.66,2079.0,00:34:39,3.47
ACT000232,A007,2026-01-28,4,68,recovery_run,11.13,52.11,4.68,133,155,92.5,870,53.4,230.55,6.0,4.314161048689139,140.66666666666666,435.7,18.04,249.03,62.2575,4.0,1048.04,advanced,consistent,M,25,196,synthetic_v1,34.66,2079.0,00:34:39,3.47
ACT000233,A007,2026-01-29,4,67,hill_run,2.57,11.27,4.38,159,178,93.0,216,53.4,230.55,6.0,4.314161048689139,140.66666666666666,435.7,18.04,249.03,62.2575,4.0,1048.04,advanced,consistent,M,25,196,synthetic_v1,34.66,2079.0,00:34:39,3.47
ACT000234,A007,2026-01-30,4,66,easy_run,18.04,74.95,4.15,149,170,130.1,1498,53.4,230.55,6.0,4.314161048689139,140.66666666666666,435.7,18.04,249.03,62.2575,4.0,1048.04,advanced,consistent,M,25,196,synthetic_v1,34.66,2079.0,00:34:39,3.47
ACT000235,A007,2026-02-01,4,64,long_run,15.18,64.72,4.26,142,151,90.2,945,53.4,230.55,6.0,4.314161048689139,140.66666666666666,435.7,18.04,249.03,62.2575,4.0,1048.04,advanced,consistent,M,25,196,synthetic_v1,34.66,2079.0,00:34:39,3.47
ACT000236,A007,2026-02-02,5,63,easy_run,2.0,8.6,4.3,141,154,14.6,138,63.29,245.98,5.0,3.8864307157528835,156.4,348.7,27.35,245.31,61.3275,4.0,1025.2,advanced,consistent,M,25,196,synthetic_v1,34.66,2079.0,00:34:39,3.47
ACT000237,A007,2026-02-03,5,62,tempo_run,27.35,97.91,3.58,159,182,127.5,2287,63.29,245.98,5.0,3.8864307157528835,156.4,348.7,27.35,245.31,61.3275,4.0,1025.2,advanced,consistent,M,25,196,synthetic_v1,34.66,2079.0,00:34:39,3.47
ACT000238,A007,2026-02-04,5,61,interval_run,4.57,17.12,3.75,181,193,26.2,349,63.29,245.98,5.0,3.8864307157528835,156.4,348.7,27.35,245.31,61.3275,4.0,1025.2,advanced,consistent,M,25,196,synthetic_v1,34.66,2079.0,00:34:39,3.47
ACT000239,A007,2026-02-06,5,59,easy_run,11.28,43.99,3.9,139,155,101.4,809,63.29,245.98,5.0,3.8864307157528835,156.4,348.7,27.35,245.31,61.3275,4.0,1025.2,advanced,consistent,M,25,196,synthetic_v1,34.66,2079.0,00:34:39,3.47
ACT000240,A007,2026-02-08,5,57,hill_run,18.09,78.36,4.33,162,181,79.0,1443,63.29,245.98,5.0,3.8864307157528835,156.4,348.7,27.35,245.31,61.3275,4.0,1025.2,advanced,consistent,M,25,196,synthetic_v1,34.66,2079.0,00:34:39,3.47
ACT000241,A007,2026-02-09,6,56,interval_run,9.0,33.9,3.77,175,189,111.5,737,61.23,256.48,6.0,4.190272742119876,156.66666666666666,531.4,24.77,233.29999999999998,58.324999999999996,4.0,965.72,advanced,consistent,M,25,196,synthetic_v1,34.66,2079.0,00:34:39,3.47
ACT000242,A007,2026-02-10,6,55,easy_run,24.77,104.11,4.2,145,164,241.1,1877,61.23,256.48,6.0,4.190272742119876,156.66666666666666,531.4,24.77,233.29999999999998,58.324999999999996,4.0,965.72,advanced,consistent,M,25,196,synthetic_v1,34.66,2079.0,00:34:39,3.47
ACT000243,A007,2026-02-11,6,54,easy_run,5.1,21.25,4.17,145,156,8.6,371,61.23,256.48,6.0,4.190272742119876,156.66666666666666,531.4,24.77,233.29999999999998,58.324999999999996,4.0,965.72,advanced,consistent,M,25,196,synthetic_v1,34.66,2079.0,00:34:39,3.47
ACT000244,A007,2026-02-12,6,53,easy_run,2.03,7.86,3.87,153,166,9.3,164,61.23,256.48,6.0,4.190272742119876,156.66666666666666,531.4,24.77,233.29999999999998,58.324999999999996,4.0,965.72,advanced,consistent,M,25,196,synthetic_v1,34.66,2079.0,00:34:39,3.47
ACT000245,A007,2026-02-14,6,51,hill_run,3.5,13.55,3.88,167,183,50.7,284,61.23,256.48,6.0,4.190272742119876,156.66666666666666,531.4,24.77,233.29999999999998,58.324999999999996,4.0,965.72,advanced,consistent,M,25,196,synthetic_v1,34.66,2079.0,00:34:39,3.47
ACT000246,A007,2026-02-15,6,50,long_run,16.83,75.81,4.51,155,175,110.2,1161,61.23,256.48,6.0,4.190272742119876,156.66666666666666,531.4,24.77,233.29999999999998,58.324999999999996,4.0,965.72,advanced,consistent,M,25,196,synthetic_v1,34.66,2079.0,00:34:39,3.47
ACT000247,A007,2026-02-16,7,49,easy_run,10.08,43.13,4.28,135,157,162.4,706,64.67,264.51,6.0,4.090191742693675,158.16666666666666,475.6,24.95,242.59,60.6475,4.0,997.52,advanced,consistent,M,25,196,synthetic_v1,34.66,2079.0,00:34:39,3.47
ACT000248,A007,2026-02-18,7,47,easy_run,11.49,45.62,3.97,145,160,33.0,862,64.67,264.51,6.0,4.090191742693675,158.16666666666666,475.6,24.95,242.59,60.6475,4.0,997.52,advanced,consistent,M,25,196,synthetic_v1,34.66,2079.0,00:34:39,3.47
ACT000249,A007,2026-02-19,7,46,tempo_run,8.0,28.63,3.58,169,192,24.2,605,64.67,264.51,6.0,4.090191742693675,158.16666666666666,475.6,24.95,242.59,60.6475,4.0,997.52,advanced,consistent,M,25,196,synthetic_v1,34.66,2079.0,00:34:39,3.47
ACT000250,A007,2026-02-20,7,45,interval_run,3.84,13.74,3.58,181,193,30.3,250,64.67,264.51,6.0,4.090191742693675,158.16666666666666,475.6,24.95,242.59,60.6475,4.0,997.52,advanced,consistent,M,25,196,synthetic_v1,34.66,2079.0,00:34:39,3.47
ACT000251,A007,2026-02-21,7,44,interval_run,6.31,22.59,3.58,179,196,61.3,433,64.67,264.51,6.0,4.090191742693675,158.16666666666666,475.6,24.95,242.59,60.6475,4.0,997.52,advanced,consistent,M,25,196,synthetic_v1,34.66,2079.0,00:34:39,3.47
ACT000252,A007,2026-02-22,7,43,long_run,24.95,110.8,4.44,140,154,164.4,2090,64.67,264.51,6.0,4.090191742693675,158.16666666666666,475.6,24.95,242.59,60.6475,4.0,997.52,advanced,consistent,M,25,196,synthetic_v1,34.66,2079.0,00:34:39,3.47
ACT000253,A007,2026-02-23,8,42,recovery_run,2.52,11.0,4.37,117,131,16.2,189,65.69,266.58,6.0,4.056625057086315,157.16666666666666,549.2,19.68,254.88,63.72,4.0,1033.55,advanced,consistent,M,25,196,synthetic_v1,34.66,2079.0,00:34:39,3.47
ACT000254,A007,2026-02-24,8,41,easy_run,11.83,50.57,4.27,141,156,31.7,946,65.69,266.58,6.0,4.056625057086315,157.16666666666666,549.2,19.68,254.88,63.72,4.0,1033.55,advanced,consistent,M,25,196,synthetic_v1,34.66,2079.0,00:34:39,3.47
ACT000255,A007,2026-02-25,8,40,interval_run,12.76,45.67,3.58,184,196,166.3,982,65.69,266.58,6.0,4.056625057086315,157.16666666666666,549.2,19.68,254.88,63.72,4.0,1033.55,advanced,consistent,M,25,196,synthetic_v1,34.66,2079.0,00:34:39,3.47
ACT000256,A007,2026-02-26,8,39,interval_run,7.62,27.26,3.58,183,196,9.5,609,65.69,266.58,6.0,4.056625057086315,157.16666666666666,549.2,19.68,254.88,63.72,4.0,1033.55,advanced,consistent,M,25,196,synthetic_v1,34.66,2079.0,00:34:39,3.47
ACT000257,A007,2026-02-27,8,38,hill_run,11.28,45.05,3.99,164,187,237.8,812,65.69,266.58,6.0,4.056625057086315,157.16666666666666,549.2,19.68,254.88,63.72,4.0,1033.55,advanced,consistent,M,25,196,synthetic_v1,34.66,2079.0,00:34:39,3.47
ACT000258,A007,2026-03-01,8,36,long_run,19.68,87.03,4.42,154,163,87.7,1351,65.69,266.58,6.0,4.056625057086315,157.16666666666666,549.2,19.68,254.88,63.72,4.0,1033.55,advanced,consistent,M,25,196,synthetic_v1,34.66,2079.0,00:34:39,3.47
ACT000259,A007,2026-03-02,9,35,interval_run,3.66,13.12,3.58,172,194,6.8,255,58.12,242.58,6.0,4.171367859600825,154.83333333333334,1199.0,18.83,249.71,62.4275,4.0,1030.1499999999999,advanced,consistent,M,25,196,synthetic_v1,34.66,2079.0,00:34:39,3.47
ACT000260,A007,2026-03-03,9,34,easy_run,6.94,29.89,4.3,133,149,36.2,559,58.12,242.58,6.0,4.171367859600825,154.83333333333334,1199.0,18.83,249.71,62.4275,4.0,1030.1499999999999,advanced,consistent,M,25,196,synthetic_v1,34.66,2079.0,00:34:39,3.47
ACT000261,A007,2026-03-04,9,33,easy_run,8.4,35.51,4.23,135,145,67.9,652,58.12,242.58,6.0,4.171367859600825,154.83333333333334,1199.0,18.83,249.71,62.4275,4.0,1030.1499999999999,advanced,consistent,M,25,196,synthetic_v1,34.66,2079.0,00:34:39,3.47
ACT000262,A007,2026-03-05,9,32,hill_run,15.07,66.73,4.43,164,181,294.8,1080,58.12,242.58,6.0,4.171367859600825,154.83333333333334,1199.0,18.83,249.71,62.4275,4.0,1030.1499999999999,advanced,consistent,M,25,196,synthetic_v1,34.66,2079.0,00:34:39,3.47
ACT000263,A007,2026-03-06,9,31,tempo_run,5.22,21.54,4.12,174,190,20.3,389,58.12,242.58,6.0,4.171367859600825,154.83333333333334,1199.0,18.83,249.71,62.4275,4.0,1030.1499999999999,advanced,consistent,M,25,196,synthetic_v1,34.66,2079.0,00:34:39,3.47
ACT000264,A007,2026-03-08,9,29,long_run,18.83,75.79,4.02,151,166,773.0,1284,58.12,242.58,6.0,4.171367859600825,154.83333333333334,1199.0,18.83,249.71,62.4275,4.0,1030.1499999999999,advanced,consistent,M,25,196,synthetic_v1,34.66,2079.0,00:34:39,3.47
ACT000265,A007,2026-03-09,10,28,easy_run,9.74,37.69,3.87,137,148,139.4,838,55.73,234.05,6.0,4.198878521442669,151.66666666666666,524.0,20.58,244.21,61.0525,4.0,1007.7199999999999,advanced,consistent,M,25,196,synthetic_v1,34.66,2079.0,00:34:39,3.47
ACT000266,A007,2026-03-11,10,26,easy_run,11.61,52.63,4.53,133,152,49.9,843,55.73,234.05,6.0,4.198878521442669,151.66666666666666,524.0,20.58,244.21,61.0525,4.0,1007.7199999999999,advanced,consistent,M,25,196,synthetic_v1,34.66,2079.0,00:34:39,3.47
ACT000267,A007,2026-03-12,10,25,hill_run,2.0,8.14,4.07,171,181,18.6,168,55.73,234.05,6.0,4.198878521442669,151.66666666666666,524.0,20.58,244.21,61.0525,4.0,1007.7199999999999,advanced,consistent,M,25,196,synthetic_v1,34.66,2079.0,00:34:39,3.47
ACT000268,A007,2026-03-13,10,24,easy_run,8.89,37.69,4.24,137,147,40.6,660,55.73,234.05,6.0,4.198878521442669,151.66666666666666,524.0,20.58,244.21,61.0525,4.0,1007.7199999999999,advanced,consistent,M,25,196,synthetic_v1,34.66,2079.0,00:34:39,3.47
ACT000269,A007,2026-03-14,10,23,interval_run,2.91,10.41,3.58,182,196,32.9,205,55.73,234.05,6.0,4.198878521442669,151.66666666666666,524.0,20.58,244.21,61.0525,4.0,1007.7199999999999,advanced,consistent,M,25,196,synthetic_v1,34.66,2079.0,00:34:39,3.47
ACT000270,A007,2026-03-15,10,22,long_run,20.58,87.49,4.25,150,168,242.6,1432,55.73,234.05,6.0,4.198878521442669,151.66666666666666,524.0,20.58,244.21,61.0525,4.0,1007.7199999999999,advanced,consistent,M,25,196,synthetic_v1,34.66,2079.0,00:34:39,3.47
ACT000271,A007,2026-03-16,11,21,tempo_run,7.37,26.4,3.58,181,195,64.6,578,62.36,246.41,6.0,3.9494627966645286,149.0,318.6,17.22,241.89999999999998,60.474999999999994,4.0,989.6200000000001,advanced,consistent,M,25,196,synthetic_v1,34.66,2079.0,00:34:39,3.47
ACT000272,A007,2026-03-17,11,20,easy_run,2.0,7.96,3.98,142,156,14.8,129,62.36,246.41,6.0,3.9494627966645286,149.0,318.6,17.22,241.89999999999998,60.474999999999994,4.0,989.6200000000001,advanced,consistent,M,25,196,synthetic_v1,34.66,2079.0,00:34:39,3.47
ACT000273,A007,2026-03-18,11,19,easy_run,9.07,38.73,4.27,135,145,22.0,572,62.36,246.41,6.0,3.9494627966645286,149.0,318.6,17.22,241.89999999999998,60.474999999999994,4.0,989.6200000000001,advanced,consistent,M,25,196,synthetic_v1,34.66,2079.0,00:34:39,3.47
ACT000274,A007,2026-03-19,11,18,tempo_run,12.11,43.35,3.58,164,175,89.7,836,62.36,246.41,6.0,3.9494627966645286,149.0,318.6,17.22,241.89999999999998,60.474999999999994,4.0,989.6200000000001,advanced,consistent,M,25,196,synthetic_v1,34.66,2079.0,00:34:39,3.47
ACT000275,A007,2026-03-20,11,17,easy_run,14.59,57.2,3.92,138,148,33.3,1202,62.36,246.41,6.0,3.9494627966645286,149.0,318.6,17.22,241.89999999999998,60.474999999999994,4.0,989.6200000000001,advanced,consistent,M,25,196,synthetic_v1,34.66,2079.0,00:34:39,3.47
ACT000276,A007,2026-03-22,11,15,long_run,17.22,72.77,4.22,134,144,94.2,1123,62.36,246.41,6.0,3.9494627966645286,149.0,318.6,17.22,241.89999999999998,60.474999999999994,4.0,989.6200000000001,advanced,consistent,M,25,196,synthetic_v1,34.66,2079.0,00:34:39,3.47
ACT000277,A007,2026-03-24,12,13,recovery_run,5.58,25.08,4.5,123,142,16.9,416,62.620000000000005,265.97,6.0,4.247476844458639,149.0,362.2,24.6,238.82999999999998,59.707499999999996,4.0,989.01,advanced,consistent,M,25,196,synthetic_v1,34.66,2079.0,00:34:39,3.47
ACT000278,A007,2026-03-25,12,12,interval_run,2.3,8.4,3.65,172,186,6.7,180,62.620000000000005,265.97,6.0,4.247476844458639,149.0,362.2,24.6,238.82999999999998,59.707499999999996,4.0,989.01,advanced,consistent,M,25,196,synthetic_v1,34.66,2079.0,00:34:39,3.47
ACT000279,A007,2026-03-26,12,11,tempo_run,12.3,44.03,3.58,174,193,40.6,870,62.620000000000005,265.97,6.0,4.247476844458639,149.0,362.2,24.6,238.82999999999998,59.707499999999996,4.0,989.01,advanced,consistent,M,25,196,synthetic_v1,34.66,2079.0,00:34:39,3.47
ACT000280,A007,2026-03-27,12,10,easy_run,13.09,56.92,4.35,133,151,20.7,945,62.620000000000005,265.97,6.0,4.247476844458639,149.0,362.2,24.6,238.82999999999998,59.707499999999996,4.0,989.01,advanced,consistent,M,25,196,synthetic_v1,34.66,2079.0,00:34:39,3.47
ACT000281,A007,2026-03-28,12,9,easy_run,4.75,21.02,4.43,141,163,21.7,297,62.620000000000005,265.97,6.0,4.247476844458639,149.0,362.2,24.6,238.82999999999998,59.707499999999996,4.0,989.01,advanced,consistent,M,25,196,synthetic_v1,34.66,2079.0,00:34:39,3.47
ACT000282,A007,2026-03-29,12,8,long_run,24.6,110.52,4.49,151,161,255.6,1883,62.620000000000005,265.97,6.0,4.247476844458639,149.0,362.2,24.6,238.82999999999998,59.707499999999996,4.0,989.01,advanced,consistent,M,25,196,synthetic_v1,34.66,2079.0,00:34:39,3.47
ACT000283,A007,2026-04-01,13,5,interval_run,18.02,64.49,3.58,171,181,160.5,1459,41.980000000000004,163.81,4.0,3.9036898523106247,159.25,382.3,18.02,222.69,55.6725,4.0,910.24,advanced,consistent,M,25,196,synthetic_v1,34.66,2079.0,00:34:39,3.47
ACT000284,A007,2026-04-02,13,4,tempo_run,3.95,14.23,3.61,167,183,20.4,325,41.980000000000004,163.81,4.0,3.9036898523106247,159.25,382.3,18.02,222.69,55.6725,4.0,910.24,advanced,consistent,M,25,196,synthetic_v1,34.66,2079.0,00:34:39,3.47
ACT000285,A007,2026-04-04,13,2,interval_run,6.54,23.4,3.58,177,191,70.9,403,41.980000000000004,163.81,4.0,3.9036898523106247,159.25,382.3,18.02,222.69,55.6725,4.0,910.24,advanced,consistent,M,25,196,synthetic_v1,34.66,2079.0,00:34:39,3.47
ACT000286,A007,2026-04-05,13,1,recovery_run,13.47,61.69,4.58,122,137,130.5,822,41.980000000000004,163.81,4.0,3.9036898523106247,159.25,382.3,18.02,222.69,55.6725,4.0,910.24,advanced,consistent,M,25,196,synthetic_v1,34.66,2079.0,00:34:39,3.47
ACT000287,A008,2026-01-06,1,90,interval_run,5.09,20.88,4.1,141,163,15.2,336,69.02000000000001,326.96999999999997,5.0,4.737184873949579,118.4,467.0,32.67,69.02000000000001,69.02000000000001,1.0,326.96999999999997,advanced,consistent,M,43,174,synthetic_v1,39.74,2385.0,00:39:45,3.97
ACT000288,A008,2026-01-07,1,89,easy_run,32.67,159.1,4.87,116,127,285.5,2156,69.02000000000001,326.96999999999997,5.0,4.737184873949579,118.4,467.0,32.67,69.02000000000001,69.02000000000001,1.0,326.96999999999997,advanced,consistent,M,43,174,synthetic_v1,39.74,2385.0,00:39:45,3.97
ACT000289,A008,2026-01-08,1,88,easy_run,3.45,16.7,4.84,105,115,11.6,294,69.02000000000001,326.96999999999997,5.0,4.737184873949579,118.4,467.0,32.67,69.02000000000001,69.02000000000001,1.0,326.96999999999997,advanced,consistent,M,43,174,synthetic_v1,39.74,2385.0,00:39:45,3.97
ACT000290,A008,2026-01-10,1,86,easy_run,11.37,52.57,4.62,109,120,27.7,742,69.02000000000001,326.96999999999997,5.0,4.737184873949579,118.4,467.0,32.67,69.02000000000001,69.02000000000001,1.0,326.96999999999997,advanced,consistent,M,43,174,synthetic_v1,39.74,2385.0,00:39:45,3.97
ACT000291,A008,2026-01-11,1,85,long_run,16.44,77.72,4.73,121,140,127.0,1160,69.02000000000001,326.96999999999997,5.0,4.737184873949579,118.4,467.0,32.67,69.02000000000001,69.02000000000001,1.0,326.96999999999997,advanced,consistent,M,43,174,synthetic_v1,39.74,2385.0,00:39:45,3.97
ACT000292,A008,2026-01-14,2,82,tempo_run,25.63,105.14,4.1,135,155,158.2,1870,93.67,398.36,5.0,4.250353368207536,128.8,483.7,36.31,162.69,81.345,2.0,725.3299999999999,advanced,consistent,M,43,174,synthetic_v1,39.74,2385.0,00:39:45,3.97
ACT000293,A008,2026-01-15,2,81,interval_run,3.1,12.72,4.1,134,155,9.2,189,93.67,398.36,5.0,4.250353368207536,128.8,483.7,36.31,162.69,81.345,2.0,725.3299999999999,advanced,consistent,M,43,174,synthetic_v1,39.74,2385.0,00:39:45,3.97
ACT000294,A008,2026-01-16,2,80,tempo_run,17.75,72.83,4.1,139,161,55.5,1351,93.67,398.36,5.0,4.250353368207536,128.8,483.7,36.31,162.69,81.345,2.0,725.3299999999999,advanced,consistent,M,43,174,synthetic_v1,39.74,2385.0,00:39:45,3.97
ACT000295,A008,2026-01-17,2,79,easy_run,10.88,48.54,4.46,111,125,12.2,808,93.67,398.36,5.0,4.250353368207536,128.8,483.7,36.31,162.69,81.345,2.0,725.3299999999999,advanced,consistent,M,43,174,synthetic_v1,39.74,2385.0,00:39:45,3.97
ACT000296,A008,2026-01-18,2,78,long_run,36.31,159.13,4.38,125,138,248.6,2526,93.67,398.36,5.0,4.250353368207536,128.8,483.7,36.31,162.69,81.345,2.0,725.3299999999999,advanced,consistent,M,43,174,synthetic_v1,39.74,2385.0,00:39:45,3.97
ACT000297,A008,2026-01-19,3,77,easy_run,13.74,64.29,4.68,105,125,82.1,1033,66.89,315.77,5.0,4.721711765585289,119.8,364.2,22.99,229.58,76.52666666666667,3.0,1041.1,advanced,consistent,M,43,174,synthetic_v1,39.74,2385.0,00:39:45,3.97
ACT000298,A008,2026-01-20,3,76,tempo_run,4.94,20.25,4.1,136,152,41.5,309,66.89,315.77,5.0,4.721711765585289,119.8,364.2,22.99,229.58,76.52666666666667,3.0,1041.1,advanced,consistent,M,43,174,synthetic_v1,39.74,2385.0,00:39:45,3.97
ACT000299,A008,2026-01-21,3,75,easy_run,21.52,101.74,4.73,113,126,21.0,1442,66.89,315.77,5.0,4.721711765585289,119.8,364.2,22.99,229.58,76.52666666666667,3.0,1041.1,advanced,consistent,M,43,174,synthetic_v1,39.74,2385.0,00:39:45,3.97
ACT000300,A008,2026-01-23,3,73,tempo_run,3.7,15.71,4.24,133,148,12.2,265,66.89,315.77,5.0,4.721711765585289,119.8,364.2,22.99,229.58,76.52666666666667,3.0,1041.1,advanced,consistent,M,43,174,synthetic_v1,39.74,2385.0,00:39:45,3.97
ACT000301,A008,2026-01-25,3,71,long_run,22.99,113.78,4.95,112,129,207.4,1919,66.89,315.77,5.0,4.721711765585289,119.8,364.2,22.99,229.58,76.52666666666667,3.0,1041.1,advanced,consistent,M,43,174,synthetic_v1,39.74,2385.0,00:39:45,3.97
ACT000302,A008,2026-01-26,4,70,tempo_run,26.92,110.41,4.1,131,141,573.5,2142,77.75999999999999,348.06,5.0,4.476984310699589,119.8,976.0,26.92,307.34000000000003,76.83500000000001,4.0,1389.1599999999999,advanced,consistent,M,43,174,synthetic_v1,39.74,2385.0,00:39:45,3.97
ACT000303,A008,2026-01-27,4,69,easy_run,14.89,69.2,4.65,105,121,134.9,1136,77.75999999999999,348.06,5.0,4.476984310699589,119.8,976.0,26.92,307.34000000000003,76.83500000000001,4.0,1389.1599999999999,advanced,consistent,M,43,174,synthetic_v1,39.74,2385.0,00:39:45,3.97
ACT000304,A008,2026-01-29,4,67,tempo_run,6.51,26.69,4.1,129,140,26.4,544,77.75999999999999,348.06,5.0,4.476984310699589,119.8,976.0,26.92,307.34000000000003,76.83500000000001,4.0,1389.1599999999999,advanced,consistent,M,43,174,synthetic_v1,39.74,2385.0,00:39:45,3.97
ACT000305,A008,2026-01-31,4,65,easy_run,9.04,44.94,4.97,118,129,80.0,559,77.75999999999999,348.06,5.0,4.476984310699589,119.8,976.0,26.92,307.34000000000003,76.83500000000001,4.0,1389.1599999999999,advanced,consistent,M,43,174,synthetic_v1,39.74,2385.0,00:39:45,3.97
ACT000306,A008,2026-02-01,4,64,long_run,20.4,96.82,4.75,116,131,161.2,1252,77.75999999999999,348.06,5.0,4.476984310699589,119.8,976.0,26.92,307.34000000000003,76.83500000000001,4.0,1389.1599999999999,advanced,consistent,M,43,174,synthetic_v1,39.74,2385.0,00:39:45,3.97
ACT000307,A008,2026-02-04,5,61,tempo_run,13.5,56.33,4.17,131,147,243.7,1152,59.54,264.87,4.0,4.447430298958684,128.5,686.0,20.78,297.86,74.465,4.0,1327.06,advanced,consistent,M,43,174,synthetic_v1,39.74,2385.0,00:39:45,3.97
ACT000308,A008,2026-02-05,5,60,tempo_run,5.63,23.08,4.1,135,147,46.4,383,59.54,264.87,4.0,4.447430298958684,128.5,686.0,20.78,297.86,74.465,4.0,1327.06,advanced,consistent,M,43,174,synthetic_v1,39.74,2385.0,00:39:45,3.97
ACT000309,A008,2026-02-06,5,59,recovery_run,20.78,104.94,5.05,113,125,285.6,1523,59.54,264.87,4.0,4.447430298958684,128.5,686.0,20.78,297.86,74.465,4.0,1327.06,advanced,consistent,M,43,174,synthetic_v1,39.74,2385.0,00:39:45,3.97
ACT000310,A008,2026-02-08,5,57,interval_run,19.63,80.52,4.1,135,150,110.3,1399,59.54,264.87,4.0,4.447430298958684,128.5,686.0,20.78,297.86,74.465,4.0,1327.06,advanced,consistent,M,43,174,synthetic_v1,39.74,2385.0,00:39:45,3.97
ACT000311,A008,2026-02-09,6,56,recovery_run,28.16,138.88,4.93,105,126,188.4,1749,85.07,409.45,5.0,4.812709533325497,115.2,485.4,33.37,289.26,72.315,4.0,1338.15,advanced,consistent,M,43,174,synthetic_v1,39.74,2385.0,00:39:45,3.97
ACT000312,A008,2026-02-10,6,55,hill_run,2.74,12.16,4.44,127,150,41.2,171,85.07,409.45,5.0,4.812709533325497,115.2,485.4,33.37,289.26,72.315,4.0,1338.15,advanced,consistent,M,43,174,synthetic_v1,39.74,2385.0,00:39:45,3.97
ACT000313,A008,2026-02-13,6,52,easy_run,4.8,23.5,4.89,106,126,7.8,377,85.07,409.45,5.0,4.812709533325497,115.2,485.4,33.37,289.26,72.315,4.0,1338.15,advanced,consistent,M,43,174,synthetic_v1,39.74,2385.0,00:39:45,3.97
ACT000314,A008,2026-02-14,6,51,easy_run,16.0,73.49,4.59,118,136,89.5,1197,85.07,409.45,5.0,4.812709533325497,115.2,485.4,33.37,289.26,72.315,4.0,1338.15,advanced,consistent,M,43,174,synthetic_v1,39.74,2385.0,00:39:45,3.97
ACT000315,A008,2026-02-15,6,50,long_run,33.37,161.42,4.84,120,133,158.5,2098,85.07,409.45,5.0,4.812709533325497,115.2,485.4,33.37,289.26,72.315,4.0,1338.15,advanced,consistent,M,43,174,synthetic_v1,39.74,2385.0,00:39:45,3.97
ACT000316,A008,2026-02-18,7,47,easy_run,16.62,80.4,4.84,110,133,273.9,1295,73.06,339.20000000000005,5.0,4.642150287434985,117.8,542.7,28.87,295.42999999999995,73.85749999999999,4.0,1361.5800000000002,advanced,consistent,M,43,174,synthetic_v1,39.74,2385.0,00:39:45,3.97
ACT000317,A008,2026-02-19,7,46,easy_run,15.11,69.42,4.59,111,126,94.5,1277,73.06,339.20000000000005,5.0,4.642150287434985,117.8,542.7,28.87,295.42999999999995,73.85749999999999,4.0,1361.5800000000002,advanced,consistent,M,43,174,synthetic_v1,39.74,2385.0,00:39:45,3.97
ACT000318,A008,2026-02-20,7,45,interval_run,9.6,39.38,4.1,143,156,71.0,650,73.06,339.20000000000005,5.0,4.642150287434985,117.8,542.7,28.87,295.42999999999995,73.85749999999999,4.0,1361.5800000000002,advanced,consistent,M,43,174,synthetic_v1,39.74,2385.0,00:39:45,3.97
ACT000319,A008,2026-02-21,7,44,easy_run,2.86,13.17,4.6,113,126,31.4,190,73.06,339.20000000000005,5.0,4.642150287434985,117.8,542.7,28.87,295.42999999999995,73.85749999999999,4.0,1361.5800000000002,advanced,consistent,M,43,174,synthetic_v1,39.74,2385.0,00:39:45,3.97
ACT000320,A008,2026-02-22,7,43,long_run,28.87,136.83,4.74,112,124,71.9,1983,73.06,339.20000000000005,5.0,4.642150287434985,117.8,542.7,28.87,295.42999999999995,73.85749999999999,4.0,1361.5800000000002,advanced,consistent,M,43,174,synthetic_v1,39.74,2385.0,00:39:45,3.97
ACT000321,A008,2026-02-25,8,40,easy_run,19.99,90.12,4.51,105,123,127.6,1283,53.57,244.31,4.0,4.559180511480306,117.75,313.6,21.67,271.24,67.81,4.0,1257.83,advanced,consistent,M,43,174,synthetic_v1,39.74,2385.0,00:39:45,3.97
ACT000322,A008,2026-02-26,8,39,interval_run,9.91,40.64,4.1,133,152,72.9,817,53.57,244.31,4.0,4.559180511480306,117.75,313.6,21.67,271.24,67.81,4.0,1257.83,advanced,consistent,M,43,174,synthetic_v1,39.74,2385.0,00:39:45,3.97
ACT000323,A008,2026-02-27,8,38,recovery_run,2.0,9.0,4.5,106,120,20.5,145,53.57,244.31,4.0,4.559180511480306,117.75,313.6,21.67,271.24,67.81,4.0,1257.83,advanced,consistent,M,43,174,synthetic_v1,39.74,2385.0,00:39:45,3.97
ACT000324,A008,2026-03-01,8,36,long_run,21.67,104.55,4.82,127,140,92.6,1553,53.57,244.31,4.0,4.559180511480306,117.75,313.6,21.67,271.24,67.81,4.0,1257.83,advanced,consistent,M,43,174,synthetic_v1,39.74,2385.0,00:39:45,3.97
ACT000325,A008,2026-03-02,9,35,easy_run,22.27,103.18,4.63,117,128,173.1,1396,66.21,297.33000000000004,5.0,4.4878658812868135,114.0,349.1,22.27,277.90999999999997,69.47749999999999,4.0,1290.29,advanced,consistent,M,43,174,synthetic_v1,39.74,2385.0,00:39:45,3.97
ACT000326,A008,2026-03-04,9,33,recovery_run,3.07,14.17,4.62,105,116,22.6,223,66.21,297.33000000000004,5.0,4.4878658812868135,114.0,349.1,22.27,277.90999999999997,69.47749999999999,4.0,1290.29,advanced,consistent,M,43,174,synthetic_v1,39.74,2385.0,00:39:45,3.97
ACT000327,A008,2026-03-05,9,32,tempo_run,17.08,70.06,4.1,137,159,98.2,1436,66.21,297.33000000000004,5.0,4.4878658812868135,114.0,349.1,22.27,277.90999999999997,69.47749999999999,4.0,1290.29,advanced,consistent,M,43,174,synthetic_v1,39.74,2385.0,00:39:45,3.97
ACT000328,A008,2026-03-06,9,31,recovery_run,2.21,10.97,4.97,105,116,17.6,156,66.21,297.33000000000004,5.0,4.4878658812868135,114.0,349.1,22.27,277.90999999999997,69.47749999999999,4.0,1290.29,advanced,consistent,M,43,174,synthetic_v1,39.74,2385.0,00:39:45,3.97
ACT000329,A008,2026-03-08,9,29,long_run,21.58,98.95,4.58,106,120,37.6,1482,66.21,297.33000000000004,5.0,4.4878658812868135,114.0,349.1,22.27,277.90999999999997,69.47749999999999,4.0,1290.29,advanced,consistent,M,43,174,synthetic_v1,39.74,2385.0,00:39:45,3.97
ACT000330,A008,2026-03-09,10,28,recovery_run,11.18,55.98,5.01,105,116,65.6,836,87.55,410.5,6.0,4.689069103369503,114.5,545.3,27.07,280.39,70.0975,4.0,1291.3400000000001,advanced,consistent,M,43,174,synthetic_v1,39.74,2385.0,00:39:45,3.97
ACT000331,A008,2026-03-10,10,27,easy_run,9.67,46.12,4.77,117,131,28.0,780,87.55,410.5,6.0,4.689069103369503,114.5,545.3,27.07,280.39,70.0975,4.0,1291.3400000000001,advanced,consistent,M,43,174,synthetic_v1,39.74,2385.0,00:39:45,3.97
ACT000332,A008,2026-03-11,10,26,tempo_run,4.01,16.44,4.1,140,153,17.5,245,87.55,410.5,6.0,4.689069103369503,114.5,545.3,27.07,280.39,70.0975,4.0,1291.3400000000001,advanced,consistent,M,43,174,synthetic_v1,39.74,2385.0,00:39:45,3.97
ACT000333,A008,2026-03-12,10,25,easy_run,10.31,47.73,4.63,112,126,46.4,663,87.55,410.5,6.0,4.689069103369503,114.5,545.3,27.07,280.39,70.0975,4.0,1291.3400000000001,advanced,consistent,M,43,174,synthetic_v1,39.74,2385.0,00:39:45,3.97
ACT000334,A008,2026-03-14,10,23,easy_run,25.31,116.13,4.59,105,125,147.2,2147,87.55,410.5,6.0,4.689069103369503,114.5,545.3,27.07,280.39,70.0975,4.0,1291.3400000000001,advanced,consistent,M,43,174,synthetic_v1,39.74,2385.0,00:39:45,3.97
ACT000335,A008,2026-03-15,10,22,long_run,27.07,128.1,4.73,108,124,240.6,2100,87.55,410.5,6.0,4.689069103369503,114.5,545.3,27.07,280.39,70.0975,4.0,1291.3400000000001,advanced,consistent,M,43,174,synthetic_v1,39.74,2385.0,00:39:45,3.97
ACT000336,A008,2026-03-17,11,20,tempo_run,9.99,41.0,4.1,144,156,93.1,782,57.45,265.7,4.0,4.623979112271541,128.0,501.09999999999997,25.19,264.78,66.195,4.0,1217.84,advanced,consistent,M,43,174,synthetic_v1,39.74,2385.0,00:39:45,3.97
ACT000337,A008,2026-03-19,11,18,easy_run,19.25,89.06,4.63,117,132,53.4,1598,57.45,265.7,4.0,4.623979112271541,128.0,501.09999999999997,25.19,264.78,66.195,4.0,1217.84,advanced,consistent,M,43,174,synthetic_v1,39.74,2385.0,00:39:45,3.97
ACT000338,A008,2026-03-20,11,17,tempo_run,3.02,12.4,4.1,130,141,16.4,208,57.45,265.7,4.0,4.623979112271541,128.0,501.09999999999997,25.19,264.78,66.195,4.0,1217.84,advanced,consistent,M,43,174,synthetic_v1,39.74,2385.0,00:39:45,3.97
ACT000339,A008,2026-03-22,11,15,long_run,25.19,123.24,4.89,121,135,338.2,1834,57.45,265.7,4.0,4.623979112271541,128.0,501.09999999999997,25.19,264.78,66.195,4.0,1217.84,advanced,consistent,M,43,174,synthetic_v1,39.74,2385.0,00:39:45,3.97
ACT000340,A008,2026-03-24,12,13,tempo_run,6.07,25.91,4.27,125,136,13.2,405,62.739999999999995,290.23,4.0,4.626836149187121,113.25,220.5,25.13,273.95,68.4875,4.0,1263.76,advanced,consistent,M,43,174,synthetic_v1,39.74,2385.0,00:39:45,3.97
ACT000341,A008,2026-03-25,12,12,easy_run,25.13,112.0,4.46,117,127,59.7,1679,62.739999999999995,290.23,4.0,4.626836149187121,113.25,220.5,25.13,273.95,68.4875,4.0,1263.76,advanced,consistent,M,43,174,synthetic_v1,39.74,2385.0,00:39:45,3.97
ACT000342,A008,2026-03-26,12,11,easy_run,16.59,79.66,4.8,105,123,74.6,1374,62.739999999999995,290.23,4.0,4.626836149187121,113.25,220.5,25.13,273.95,68.4875,4.0,1263.76,advanced,consistent,M,43,174,synthetic_v1,39.74,2385.0,00:39:45,3.97
ACT000343,A008,2026-03-29,12,8,easy_run,14.95,72.66,4.86,106,128,73.0,1027,62.739999999999995,290.23,4.0,4.626836149187121,113.25,220.5,25.13,273.95,68.4875,4.0,1263.76,advanced,consistent,M,43,174,synthetic_v1,39.74,2385.0,00:39:45,3.97
ACT000344,A008,2026-04-02,13,4,easy_run,27.54,132.44,4.81,112,123,102.3,1792,41.59,200.95999999999998,2.0,4.833647511421015,109.5,284.2,27.54,249.32999999999998,62.332499999999996,4.0,1167.3899999999999,advanced,consistent,M,43,174,synthetic_v1,39.74,2385.0,00:39:45,3.97
ACT000345,A008,2026-04-05,13,1,recovery_run,14.05,68.52,4.88,107,121,181.9,927,41.59,200.95999999999998,2.0,4.833647511421015,109.5,284.2,27.54,249.32999999999998,62.332499999999996,4.0,1167.3899999999999,advanced,consistent,M,43,174,synthetic_v1,39.74,2385.0,00:39:45,3.97
ACT000346,A009,2026-01-05,1,91,easy_run,5.23,28.73,5.49,144,165,22.3,342,47.61,250.56,5.0,5.264721697122454,137.4,367.2,16.9,47.61,47.61,1.0,250.56,intermediate,consistent,F,25,189,synthetic_v1,44.92,2695.0,00:44:55,4.49
ACT000347,A009,2026-01-07,1,89,easy_run,6.95,36.11,5.2,130,140,21.1,466,47.61,250.56,5.0,5.264721697122454,137.4,367.2,16.9,47.61,47.61,1.0,250.56,intermediate,consistent,F,25,189,synthetic_v1,44.92,2695.0,00:44:55,4.49
ACT000348,A009,2026-01-08,1,88,easy_run,2.0,10.73,5.36,137,152,11.0,116,47.61,250.56,5.0,5.264721697122454,137.4,367.2,16.9,47.61,47.61,1.0,250.56,intermediate,consistent,F,25,189,synthetic_v1,44.92,2695.0,00:44:55,4.49
ACT000349,A009,2026-01-10,1,86,easy_run,16.9,84.25,4.99,139,156,154.6,1249,47.61,250.56,5.0,5.264721697122454,137.4,367.2,16.9,47.61,47.61,1.0,250.56,intermediate,consistent,F,25,189,synthetic_v1,44.92,2695.0,00:44:55,4.49
ACT000350,A009,2026-01-11,1,85,long_run,16.53,90.74,5.49,137,149,158.2,1014,47.61,250.56,5.0,5.264721697122454,137.4,367.2,16.9,47.61,47.61,1.0,250.56,intermediate,consistent,F,25,189,synthetic_v1,44.92,2695.0,00:44:55,4.49
ACT000351,A009,2026-01-12,2,84,recovery_run,2.0,11.24,5.62,119,135,13.9,116,30.740000000000002,173.32,5.0,5.639632400780742,131.2,356.4,10.38,78.35,39.175,2.0,423.88,intermediate,consistent,F,25,189,synthetic_v1,44.92,2695.0,00:44:55,4.49
ACT000352,A009,2026-01-15,2,81,hill_run,4.16,22.79,5.47,147,162,161.6,243,30.740000000000002,173.32,5.0,5.639632400780742,131.2,356.4,10.38,78.35,39.175,2.0,423.88,intermediate,consistent,F,25,189,synthetic_v1,44.92,2695.0,00:44:55,4.49
ACT000353,A009,2026-01-16,2,80,recovery_run,9.21,53.66,5.83,123,136,21.0,589,30.740000000000002,173.32,5.0,5.639632400780742,131.2,356.4,10.38,78.35,39.175,2.0,423.88,intermediate,consistent,F,25,189,synthetic_v1,44.92,2695.0,00:44:55,4.49
ACT000354,A009,2026-01-17,2,79,easy_run,4.99,27.53,5.52,134,145,67.5,302,30.740000000000002,173.32,5.0,5.639632400780742,131.2,356.4,10.38,78.35,39.175,2.0,423.88,intermediate,consistent,F,25,189,synthetic_v1,44.92,2695.0,00:44:55,4.49
ACT000355,A009,2026-01-18,2,78,long_run,10.38,58.1,5.6,133,156,92.4,722,30.740000000000002,173.32,5.0,5.639632400780742,131.2,356.4,10.38,78.35,39.175,2.0,423.88,intermediate,consistent,F,25,189,synthetic_v1,44.92,2695.0,00:44:55,4.49
ACT000356,A009,2026-01-19,3,77,recovery_run,8.23,46.59,5.66,131,144,49.5,486,34.88,191.81,5.0,5.499148509174311,137.0,287.1,8.83,113.23,37.74333333333333,3.0,615.69,intermediate,consistent,F,25,189,synthetic_v1,44.92,2695.0,00:44:55,4.49
ACT000357,A009,2026-01-20,3,76,easy_run,3.69,19.17,5.19,132,140,35.7,203,34.88,191.81,5.0,5.499148509174311,137.0,287.1,8.83,113.23,37.74333333333333,3.0,615.69,intermediate,consistent,F,25,189,synthetic_v1,44.92,2695.0,00:44:55,4.49
ACT000358,A009,2026-01-22,3,74,easy_run,5.45,31.24,5.73,147,162,31.8,325,34.88,191.81,5.0,5.499148509174311,137.0,287.1,8.83,113.23,37.74333333333333,3.0,615.69,intermediate,consistent,F,25,189,synthetic_v1,44.92,2695.0,00:44:55,4.49
ACT000359,A009,2026-01-23,3,73,easy_run,8.68,45.12,5.2,128,143,103.5,464,34.88,191.81,5.0,5.499148509174311,137.0,287.1,8.83,113.23,37.74333333333333,3.0,615.69,intermediate,consistent,F,25,189,synthetic_v1,44.92,2695.0,00:44:55,4.49
ACT000360,A009,2026-01-25,3,71,long_run,8.83,49.69,5.63,147,161,66.6,507,34.88,191.81,5.0,5.499148509174311,137.0,287.1,8.83,113.23,37.74333333333333,3.0,615.69,intermediate,consistent,F,25,189,synthetic_v1,44.92,2695.0,00:44:55,4.49
ACT000361,A009,2026-01-26,4,70,interval_run,12.08,54.36,4.5,167,188,76.8,899,54.1,285.51,5.0,5.279053604436229,148.8,300.2,15.15,167.33,41.8325,4.0,901.2,intermediate,consistent,F,25,189,synthetic_v1,44.92,2695.0,00:44:55,4.49
ACT000362,A009,2026-01-27,4,69,tempo_run,2.84,14.35,5.06,161,178,26.6,197,54.1,285.51,5.0,5.279053604436229,148.8,300.2,15.15,167.33,41.8325,4.0,901.2,intermediate,consistent,F,25,189,synthetic_v1,44.92,2695.0,00:44:55,4.49
ACT000363,A009,2026-01-28,4,68,easy_run,9.06,45.16,4.99,131,140,60.4,544,54.1,285.51,5.0,5.279053604436229,148.8,300.2,15.15,167.33,41.8325,4.0,901.2,intermediate,consistent,F,25,189,synthetic_v1,44.92,2695.0,00:44:55,4.49
ACT000364,A009,2026-01-29,4,67,easy_run,15.15,84.09,5.55,147,167,62.0,889,54.1,285.51,5.0,5.279053604436229,148.8,300.2,15.15,167.33,41.8325,4.0,901.2,intermediate,consistent,F,25,189,synthetic_v1,44.92,2695.0,00:44:55,4.49
ACT000365,A009,2026-02-01,4,64,long_run,14.97,87.55,5.85,138,157,74.4,1128,54.1,285.51,5.0,5.279053604436229,148.8,300.2,15.15,167.33,41.8325,4.0,901.2,intermediate,consistent,F,25,189,synthetic_v1,44.92,2695.0,00:44:55,4.49
ACT000366,A009,2026-02-03,5,62,easy_run,5.33,28.37,5.33,140,150,8.7,365,47.09,236.38,4.0,5.019534933106816,150.75,305.3,16.32,166.81,41.7025,4.0,887.02,intermediate,consistent,F,25,189,synthetic_v1,44.92,2695.0,00:44:55,4.49
ACT000367,A009,2026-02-04,5,61,tempo_run,14.69,71.46,4.86,158,179,158.8,806,47.09,236.38,4.0,5.019534933106816,150.75,305.3,16.32,166.81,41.7025,4.0,887.02,intermediate,consistent,F,25,189,synthetic_v1,44.92,2695.0,00:44:55,4.49
ACT000368,A009,2026-02-05,5,60,tempo_run,10.75,51.99,4.84,159,179,50.2,787,47.09,236.38,4.0,5.019534933106816,150.75,305.3,16.32,166.81,41.7025,4.0,887.02,intermediate,consistent,F,25,189,synthetic_v1,44.92,2695.0,00:44:55,4.49
ACT000369,A009,2026-02-08,5,57,long_run,16.32,84.56,5.18,146,167,87.6,1194,47.09,236.38,4.0,5.019534933106816,150.75,305.3,16.32,166.81,41.7025,4.0,887.02,intermediate,consistent,F,25,189,synthetic_v1,44.92,2695.0,00:44:55,4.49
ACT000370,A009,2026-02-09,6,56,recovery_run,2.24,12.63,5.65,126,140,6.8,135,45.08,244.91,5.0,5.432746228926354,140.2,605.6,15.6,181.15,45.2875,4.0,958.61,intermediate,consistent,F,25,189,synthetic_v1,44.92,2695.0,00:44:55,4.49
ACT000371,A009,2026-02-10,6,55,easy_run,2.15,11.28,5.25,133,143,8.7,131,45.08,244.91,5.0,5.432746228926354,140.2,605.6,15.6,181.15,45.2875,4.0,958.61,intermediate,consistent,F,25,189,synthetic_v1,44.92,2695.0,00:44:55,4.49
ACT000372,A009,2026-02-11,6,54,easy_run,9.59,53.05,5.53,135,148,28.9,611,45.08,244.91,5.0,5.432746228926354,140.2,605.6,15.6,181.15,45.2875,4.0,958.61,intermediate,consistent,F,25,189,synthetic_v1,44.92,2695.0,00:44:55,4.49
ACT000373,A009,2026-02-14,6,51,hill_run,15.5,84.9,5.48,154,169,176.6,1047,45.08,244.91,5.0,5.432746228926354,140.2,605.6,15.6,181.15,45.2875,4.0,958.61,intermediate,consistent,F,25,189,synthetic_v1,44.92,2695.0,00:44:55,4.49
ACT000374,A009,2026-02-15,6,50,long_run,15.6,83.05,5.32,153,166,384.6,1084,45.08,244.91,5.0,5.432746228926354,140.2,605.6,15.6,181.15,45.2875,4.0,958.61,intermediate,consistent,F,25,189,synthetic_v1,44.92,2695.0,00:44:55,4.49
ACT000375,A009,2026-02-16,7,49,recovery_run,5.97,34.18,5.72,118,127,61.0,325,50.36,247.66,4.0,4.916751389992057,147.25,427.1,22.94,196.63,49.1575,4.0,1014.4599999999999,intermediate,consistent,F,25,189,synthetic_v1,44.92,2695.0,00:44:55,4.49
ACT000376,A009,2026-02-17,7,48,tempo_run,22.94,110.19,4.8,157,175,75.8,1329,50.36,247.66,4.0,4.916751389992057,147.25,427.1,22.94,196.63,49.1575,4.0,1014.4599999999999,intermediate,consistent,F,25,189,synthetic_v1,44.92,2695.0,00:44:55,4.49
ACT000377,A009,2026-02-20,7,45,easy_run,8.86,46.63,5.27,140,163,44.1,541,50.36,247.66,4.0,4.916751389992057,147.25,427.1,22.94,196.63,49.1575,4.0,1014.4599999999999,intermediate,consistent,F,25,189,synthetic_v1,44.92,2695.0,00:44:55,4.49
ACT000378,A009,2026-02-22,7,43,interval_run,12.59,56.66,4.5,174,188,246.2,856,50.36,247.66,4.0,4.916751389992057,147.25,427.1,22.94,196.63,49.1575,4.0,1014.4599999999999,intermediate,consistent,F,25,189,synthetic_v1,44.92,2695.0,00:44:55,4.49
ACT000379,A009,2026-02-23,8,42,easy_run,5.84,29.66,5.08,142,164,47.0,434,59.39,324.6,5.0,5.463647078632767,136.8,695.5,30.21,201.92000000000002,50.480000000000004,4.0,1053.5500000000002,intermediate,consistent,F,25,189,synthetic_v1,44.92,2695.0,00:44:55,4.49
ACT000380,A009,2026-02-24,8,41,easy_run,30.21,168.61,5.58,141,162,176.9,2016,59.39,324.6,5.0,5.463647078632767,136.8,695.5,30.21,201.92000000000002,50.480000000000004,4.0,1053.5500000000002,intermediate,consistent,F,25,189,synthetic_v1,44.92,2695.0,00:44:55,4.49
ACT000381,A009,2026-02-25,8,40,easy_run,2.58,13.35,5.17,141,158,9.6,193,59.39,324.6,5.0,5.463647078632767,136.8,695.5,30.21,201.92000000000002,50.480000000000004,4.0,1053.5500000000002,intermediate,consistent,F,25,189,synthetic_v1,44.92,2695.0,00:44:55,4.49
ACT000382,A009,2026-02-27,8,38,recovery_run,3.76,21.96,5.84,115,128,7.2,273,59.39,324.6,5.0,5.463647078632767,136.8,695.5,30.21,201.92000000000002,50.480000000000004,4.0,1053.5500000000002,intermediate,consistent,F,25,189,synthetic_v1,44.92,2695.0,00:44:55,4.49
ACT000383,A009,2026-03-01,8,36,long_run,17.0,91.02,5.35,145,167,454.8,1257,59.39,324.6,5.0,5.463647078632767,136.8,695.5,30.21,201.92000000000002,50.480000000000004,4.0,1053.5500000000002,intermediate,consistent,F,25,189,synthetic_v1,44.92,2695.0,00:44:55,4.49
ACT000384,A009,2026-03-02,9,35,easy_run,12.87,64.79,5.03,142,162,112.4,848,51.3,283.03,4.0,5.5169376218323585,141.0,407.0,17.89,206.13,51.5325,4.0,1100.1999999999998,intermediate,consistent,F,25,189,synthetic_v1,44.92,2695.0,00:44:55,4.49
ACT000385,A009,2026-03-03,9,34,interval_run,4.48,20.87,4.66,176,189,49.7,329,51.3,283.03,4.0,5.5169376218323585,141.0,407.0,17.89,206.13,51.5325,4.0,1100.1999999999998,intermediate,consistent,F,25,189,synthetic_v1,44.92,2695.0,00:44:55,4.49
ACT000386,A009,2026-03-05,9,32,recovery_run,17.89,102.24,5.72,122,141,193.6,1067,51.3,283.03,4.0,5.5169376218323585,141.0,407.0,17.89,206.13,51.5325,4.0,1100.1999999999998,intermediate,consistent,F,25,189,synthetic_v1,44.92,2695.0,00:44:55,4.49
ACT000387,A009,2026-03-08,9,29,recovery_run,16.06,95.13,5.92,124,141,51.3,967,51.3,283.03,4.0,5.5169376218323585,141.0,407.0,17.89,206.13,51.5325,4.0,1100.1999999999998,intermediate,consistent,F,25,189,synthetic_v1,44.92,2695.0,00:44:55,4.49
ACT000388,A009,2026-03-09,10,28,easy_run,12.24,62.31,5.09,129,139,75.6,812,43.129999999999995,224.75,4.0,5.211752840250407,139.5,204.7,12.82,204.17999999999998,51.044999999999995,4.0,1080.04,intermediate,consistent,F,25,189,synthetic_v1,44.92,2695.0,00:44:55,4.49
ACT000389,A009,2026-03-13,10,24,easy_run,6.8,37.27,5.48,148,158,10.2,365,43.129999999999995,224.75,4.0,5.211752840250407,139.5,204.7,12.82,204.17999999999998,51.044999999999995,4.0,1080.04,intermediate,consistent,F,25,189,synthetic_v1,44.92,2695.0,00:44:55,4.49
ACT000390,A009,2026-03-14,10,23,easy_run,12.82,67.14,5.24,142,164,97.4,858,43.129999999999995,224.75,4.0,5.211752840250407,139.5,204.7,12.82,204.17999999999998,51.044999999999995,4.0,1080.04,intermediate,consistent,F,25,189,synthetic_v1,44.92,2695.0,00:44:55,4.49
ACT000391,A009,2026-03-15,10,22,easy_run,11.27,58.03,5.15,139,149,21.5,693,43.129999999999995,224.75,4.0,5.211752840250407,139.5,204.7,12.82,204.17999999999998,51.044999999999995,4.0,1080.04,intermediate,consistent,F,25,189,synthetic_v1,44.92,2695.0,00:44:55,4.49
ACT000392,A009,2026-03-16,11,21,tempo_run,2.88,14.07,4.88,164,180,11.4,160,56.1,298.38,5.0,5.319604278074866,155.6,282.7,19.17,209.92000000000002,52.480000000000004,4.0,1130.76,intermediate,consistent,F,25,189,synthetic_v1,44.92,2695.0,00:44:55,4.49
ACT000393,A009,2026-03-18,11,19,tempo_run,17.27,86.98,5.04,155,175,62.8,1260,56.1,298.38,5.0,5.319604278074866,155.6,282.7,19.17,209.92000000000002,52.480000000000004,4.0,1130.76,intermediate,consistent,F,25,189,synthetic_v1,44.92,2695.0,00:44:55,4.49
ACT000394,A009,2026-03-19,11,18,interval_run,3.21,14.76,4.6,169,181,23.8,219,56.1,298.38,5.0,5.319604278074866,155.6,282.7,19.17,209.92000000000002,52.480000000000004,4.0,1130.76,intermediate,consistent,F,25,189,synthetic_v1,44.92,2695.0,00:44:55,4.49
ACT000395,A009,2026-03-21,11,16,easy_run,13.57,76.98,5.67,142,164,73.9,916,56.1,298.38,5.0,5.319604278074866,155.6,282.7,19.17,209.92000000000002,52.480000000000004,4.0,1130.76,intermediate,consistent,F,25,189,synthetic_v1,44.92,2695.0,00:44:55,4.49
ACT000396,A009,2026-03-22,11,15,long_run,19.17,105.59,5.51,148,158,110.8,1038,56.1,298.38,5.0,5.319604278074866,155.6,282.7,19.17,209.92000000000002,52.480000000000004,4.0,1130.76,intermediate,consistent,F,25,189,synthetic_v1,44.92,2695.0,00:44:55,4.49
ACT000397,A009,2026-03-23,12,14,easy_run,14.19,71.4,5.03,135,158,39.5,1032,47.83,240.08,5.0,5.019337236044324,152.4,185.1,14.19,198.35999999999999,49.589999999999996,4.0,1046.24,intermediate,consistent,F,25,189,synthetic_v1,44.92,2695.0,00:44:55,4.49
ACT000398,A009,2026-03-24,12,13,tempo_run,9.81,48.17,4.91,166,176,7.0,659,47.83,240.08,5.0,5.019337236044324,152.4,185.1,14.19,198.35999999999999,49.589999999999996,4.0,1046.24,intermediate,consistent,F,25,189,synthetic_v1,44.92,2695.0,00:44:55,4.49
ACT000399,A009,2026-03-26,12,11,interval_run,2.0,9.22,4.61,169,186,10.8,129,47.83,240.08,5.0,5.019337236044324,152.4,185.1,14.19,198.35999999999999,49.589999999999996,4.0,1046.24,intermediate,consistent,F,25,189,synthetic_v1,44.92,2695.0,00:44:55,4.49
ACT000400,A009,2026-03-28,12,9,tempo_run,10.68,49.84,4.67,156,172,47.8,738,47.83,240.08,5.0,5.019337236044324,152.4,185.1,14.19,198.35999999999999,49.589999999999996,4.0,1046.24,intermediate,consistent,F,25,189,synthetic_v1,44.92,2695.0,00:44:55,4.49
ACT000401,A009,2026-03-29,12,8,long_run,11.15,61.45,5.51,136,149,80.0,772,47.83,240.08,5.0,5.019337236044324,152.4,185.1,14.19,198.35999999999999,49.589999999999996,4.0,1046.24,intermediate,consistent,F,25,189,synthetic_v1,44.92,2695.0,00:44:55,4.49
ACT000402,A009,2026-04-01,13,5,easy_run,2.0,10.82,5.41,141,163,5.8,111,33.22,176.57,3.0,5.316014449127032,136.33333333333334,912.1999999999999,21.97,180.28,45.07,4.0,939.78,intermediate,consistent,F,25,189,synthetic_v1,44.92,2695.0,00:44:55,4.49
ACT000403,A009,2026-04-03,13,3,hill_run,21.97,113.08,5.15,148,156,788.9,1441,33.22,176.57,3.0,5.316014449127032,136.33333333333334,912.1999999999999,21.97,180.28,45.07,4.0,939.78,intermediate,consistent,F,25,189,synthetic_v1,44.92,2695.0,00:44:55,4.49
